%YAML 1.1
%TAG !u! tag:unity3d.com,2011:
--- !u!1 &233670975651942302
GameObject:
  m_ObjectHideFlags: 0
  m_CorrespondingSourceObject: {fileID: 0}
  m_PrefabInstance: {fileID: 0}
  m_PrefabAsset: {fileID: 0}
  serializedVersion: 6
  m_Component:
  - component: {fileID: 7858804113621510028}
  - component: {fileID: 2756407824881181735}
  m_Layer: 0
  m_Name: MusicAudioManager
  m_TagString: Untagged
  m_Icon: {fileID: 0}
  m_NavMeshLayer: 0
  m_StaticEditorFlags: 0
  m_IsActive: 1
--- !u!4 &7858804113621510028
Transform:
  m_ObjectHideFlags: 0
  m_CorrespondingSourceObject: {fileID: 0}
  m_PrefabInstance: {fileID: 0}
  m_PrefabAsset: {fileID: 0}
  m_GameObject: {fileID: 233670975651942302}
  m_LocalRotation: {x: -0, y: -0, z: -0, w: 1}
  m_LocalPosition: {x: 0, y: 0, z: 0}
  m_LocalScale: {x: 1, y: 1, z: 1}
  m_ConstrainProportionsScale: 0
  m_Children:
  - {fileID: 6880223992342441554}
  - {fileID: 6726400367728619065}
  m_Father: {fileID: 0}
  m_RootOrder: 0
  m_LocalEulerAnglesHint: {x: 0, y: 0, z: 0}
--- !u!114 &2756407824881181735
MonoBehaviour:
  m_ObjectHideFlags: 0
  m_CorrespondingSourceObject: {fileID: 0}
  m_PrefabInstance: {fileID: 0}
  m_PrefabAsset: {fileID: 0}
  m_GameObject: {fileID: 233670975651942302}
  m_Enabled: 1
  m_EditorHideFlags: 0
  m_Script: {fileID: 11500000, guid: 89473ca08c206054d9a87d1fcc569910, type: 3}
  m_Name: 
  m_EditorClassIdentifier: 
  _musicMainSource: {fileID: 2221534144774597663}
  _musicRewardflowSource: {fileID: 2087409301999414388}
  _musicMainSound: {fileID: 8300000, guid: 9f7ae161cd557d6459f28f86b3d9d260, type: 3}
  _musicRewardflowSound: {fileID: 8300000, guid: e16fb76b0cb87bc41b17d09f3c6673eb, type: 3}
--- !u!1001 &6679072543429148254
PrefabInstance:
  m_ObjectHideFlags: 0
  serializedVersion: 2
  m_Modification:
    m_TransformParent: {fileID: 7858804113621510028}
    m_Modifications:
    - target: {fileID: 273490683285229580, guid: 05266215c5cae7f4da53670fd2240e10, type: 3}
      propertyPath: m_RootOrder
      value: 0
      objectReference: {fileID: 0}
    - target: {fileID: 273490683285229580, guid: 05266215c5cae7f4da53670fd2240e10, type: 3}
      propertyPath: m_LocalPosition.x
      value: 0
      objectReference: {fileID: 0}
    - target: {fileID: 273490683285229580, guid: 05266215c5cae7f4da53670fd2240e10, type: 3}
      propertyPath: m_LocalPosition.y
      value: 0
      objectReference: {fileID: 0}
    - target: {fileID: 273490683285229580, guid: 05266215c5cae7f4da53670fd2240e10, type: 3}
      propertyPath: m_LocalPosition.z
      value: 0
      objectReference: {fileID: 0}
    - target: {fileID: 273490683285229580, guid: 05266215c5cae7f4da53670fd2240e10, type: 3}
      propertyPath: m_LocalRotation.w
      value: 1
      objectReference: {fileID: 0}
    - target: {fileID: 273490683285229580, guid: 05266215c5cae7f4da53670fd2240e10, type: 3}
      propertyPath: m_LocalRotation.x
      value: 0
      objectReference: {fileID: 0}
    - target: {fileID: 273490683285229580, guid: 05266215c5cae7f4da53670fd2240e10, type: 3}
      propertyPath: m_LocalRotation.y
      value: 0
      objectReference: {fileID: 0}
    - target: {fileID: 273490683285229580, guid: 05266215c5cae7f4da53670fd2240e10, type: 3}
      propertyPath: m_LocalRotation.z
      value: 0
      objectReference: {fileID: 0}
    - target: {fileID: 273490683285229580, guid: 05266215c5cae7f4da53670fd2240e10, type: 3}
      propertyPath: m_LocalEulerAnglesHint.x
      value: 0
      objectReference: {fileID: 0}
    - target: {fileID: 273490683285229580, guid: 05266215c5cae7f4da53670fd2240e10, type: 3}
      propertyPath: m_LocalEulerAnglesHint.y
      value: 0
      objectReference: {fileID: 0}
    - target: {fileID: 273490683285229580, guid: 05266215c5cae7f4da53670fd2240e10, type: 3}
      propertyPath: m_LocalEulerAnglesHint.z
      value: 0
      objectReference: {fileID: 0}
    - target: {fileID: 4772226581514940373, guid: 05266215c5cae7f4da53670fd2240e10, type: 3}
      propertyPath: m_Name
      value: MainSound
      objectReference: {fileID: 0}
    - target: {fileID: 4784138505751646785, guid: 05266215c5cae7f4da53670fd2240e10, type: 3}
      propertyPath: Loop
      value: 1
      objectReference: {fileID: 0}
    - target: {fileID: 4784138505751646785, guid: 05266215c5cae7f4da53670fd2240e10, type: 3}
      propertyPath: m_PlayOnAwake
      value: 1
      objectReference: {fileID: 0}
    - target: {fileID: 4784138505751646785, guid: 05266215c5cae7f4da53670fd2240e10, type: 3}
      propertyPath: OutputAudioMixerGroup
      value: 
      objectReference: {fileID: -2300745083653327083, guid: 75e460d5be6481d4c9f0dd76bb336bd8, type: 2}
    m_RemovedComponents: []
  m_SourcePrefab: {fileID: 100100000, guid: 05266215c5cae7f4da53670fd2240e10, type: 3}
--- !u!82 &2221534144774597663 stripped
AudioSource:
  m_CorrespondingSourceObject: {fileID: 4784138505751646785, guid: 05266215c5cae7f4da53670fd2240e10, type: 3}
  m_PrefabInstance: {fileID: 6679072543429148254}
  m_PrefabAsset: {fileID: 0}
--- !u!4 &6880223992342441554 stripped
Transform:
  m_CorrespondingSourceObject: {fileID: 273490683285229580, guid: 05266215c5cae7f4da53670fd2240e10, type: 3}
  m_PrefabInstance: {fileID: 6679072543429148254}
  m_PrefabAsset: {fileID: 0}
--- !u!1001 &6814890908985409077
PrefabInstance:
  m_ObjectHideFlags: 0
  serializedVersion: 2
  m_Modification:
    m_TransformParent: {fileID: 7858804113621510028}
    m_Modifications:
    - target: {fileID: 273490683285229580, guid: 05266215c5cae7f4da53670fd2240e10, type: 3}
      propertyPath: m_RootOrder
      value: 1
      objectReference: {fileID: 0}
    - target: {fileID: 273490683285229580, guid: 05266215c5cae7f4da53670fd2240e10, type: 3}
      propertyPath: m_LocalPosition.x
      value: 0
      objectReference: {fileID: 0}
    - target: {fileID: 273490683285229580, guid: 05266215c5cae7f4da53670fd2240e10, type: 3}
      propertyPath: m_LocalPosition.y
      value: 0
      objectReference: {fileID: 0}
    - target: {fileID: 273490683285229580, guid: 05266215c5cae7f4da53670fd2240e10, type: 3}
      propertyPath: m_LocalPosition.z
      value: 0
      objectReference: {fileID: 0}
    - target: {fileID: 273490683285229580, guid: 05266215c5cae7f4da53670fd2240e10, type: 3}
      propertyPath: m_LocalRotation.w
      value: 1
      objectReference: {fileID: 0}
    - target: {fileID: 273490683285229580, guid: 05266215c5cae7f4da53670fd2240e10, type: 3}
      propertyPath: m_LocalRotation.x
      value: 0
      objectReference: {fileID: 0}
    - target: {fileID: 273490683285229580, guid: 05266215c5cae7f4da53670fd2240e10, type: 3}
      propertyPath: m_LocalRotation.y
      value: 0
      objectReference: {fileID: 0}
    - target: {fileID: 273490683285229580, guid: 05266215c5cae7f4da53670fd2240e10, type: 3}
      propertyPath: m_LocalRotation.z
      value: 0
      objectReference: {fileID: 0}
    - target: {fileID: 273490683285229580, guid: 05266215c5cae7f4da53670fd2240e10, type: 3}
      propertyPath: m_LocalEulerAnglesHint.x
      value: 0
      objectReference: {fileID: 0}
    - target: {fileID: 273490683285229580, guid: 05266215c5cae7f4da53670fd2240e10, type: 3}
      propertyPath: m_LocalEulerAnglesHint.y
      value: 0
      objectReference: {fileID: 0}
    - target: {fileID: 273490683285229580, guid: 05266215c5cae7f4da53670fd2240e10, type: 3}
      propertyPath: m_LocalEulerAnglesHint.z
      value: 0
      objectReference: {fileID: 0}
    - target: {fileID: 4772226581514940373, guid: 05266215c5cae7f4da53670fd2240e10, type: 3}
      propertyPath: m_Name
      value: MusicRewardflowSound
      objectReference: {fileID: 0}
    - target: {fileID: 4784138505751646785, guid: 05266215c5cae7f4da53670fd2240e10, type: 3}
      propertyPath: Loop
      value: 1
      objectReference: {fileID: 0}
    - target: {fileID: 4784138505751646785, guid: 05266215c5cae7f4da53670fd2240e10, type: 3}
      propertyPath: OutputAudioMixerGroup
      value: 
      objectReference: {fileID: -2344208008265354579, guid: 75e460d5be6481d4c9f0dd76bb336bd8, type: 2}
    m_RemovedComponents: []
  m_SourcePrefab: {fileID: 100100000, guid: 05266215c5cae7f4da53670fd2240e10, type: 3}
--- !u!82 &2087409301999414388 stripped
AudioSource:
  m_CorrespondingSourceObject: {fileID: 4784138505751646785, guid: 05266215c5cae7f4da53670fd2240e10, type: 3}
  m_PrefabInstance: {fileID: 6814890908985409077}
  m_PrefabAsset: {fileID: 0}
--- !u!4 &6726400367728619065 stripped
Transform:
  m_CorrespondingSourceObject: {fileID: 273490683285229580, guid: 05266215c5cae7f4da53670fd2240e10, type: 3}
  m_PrefabInstance: {fileID: 6814890908985409077}
  m_PrefabAsset: {fileID: 0}
