%YAML 1.1
%TAG !u! tag:unity3d.com,2011:
--- !u!1 &5258538333243081076
GameObject:
  m_ObjectHideFlags: 0
  m_CorrespondingSourceObject: {fileID: 0}
  m_PrefabInstance: {fileID: 0}
  m_PrefabAsset: {fileID: 0}
  serializedVersion: 6
  m_Component:
  - component: {fileID: 3693173608183238794}
  - component: {fileID: 4538943411541559939}
  m_Layer: 0
  m_Name: Particles
  m_TagString: Untagged
  m_Icon: {fileID: 0}
  m_NavMeshLayer: 0
  m_StaticEditorFlags: 0
  m_IsActive: 1
--- !u!4 &3693173608183238794
Transform:
  m_ObjectHideFlags: 0
  m_CorrespondingSourceObject: {fileID: 0}
  m_PrefabInstance: {fileID: 0}
  m_PrefabAsset: {fileID: 0}
  m_GameObject: {fileID: 5258538333243081076}
  m_LocalRotation: {x: -0, y: -0.70710504, z: 0, w: 0.7071086}
  m_LocalPosition: {x: -0.009399678, y: 0.1770066, z: -0.085200824}
  m_LocalScale: {x: 1.6666662, y: 1.6666665, z: 1.6666662}
  m_ConstrainProportionsScale: 0
  m_Children:
  - {fileID: 8130467129671402507}
  - {fileID: 107866780558342989}
  - {fileID: 761839284002383666}
  - {fileID: 4746595584941166343}
  - {fileID: 6960903030371070418}
  m_Father: {fileID: 0}
  m_RootOrder: 0
  m_LocalEulerAnglesHint: {x: 0, y: 0, z: 0}
--- !u!114 &4538943411541559939
MonoBehaviour:
  m_ObjectHideFlags: 0
  m_CorrespondingSourceObject: {fileID: 0}
  m_PrefabInstance: {fileID: 0}
  m_PrefabAsset: {fileID: 0}
  m_GameObject: {fileID: 5258538333243081076}
  m_Enabled: 1
  m_EditorHideFlags: 0
  m_Script: {fileID: 11500000, guid: f6332005d687f0442a85f99ded8a2483, type: 3}
  m_Name: 
  m_EditorClassIdentifier: 
  _idleChestGlow: {fileID: 8130467129671402508}
  _idleChestBoom: {fileID: 107866780558343027}
  _chestBoom: {fileID: 761839284002383669}
  _chestGlow: {fileID: 4746595584941166393}
  _chestSphere: {fileID: 6960903030371070421}
--- !u!1001 &1639497331778623199
PrefabInstance:
  m_ObjectHideFlags: 0
  serializedVersion: 2
  m_Modification:
    m_TransformParent: {fileID: 3693173608183238794}
    m_Modifications:
    - target: {fileID: 2040749561155940840, guid: 81a6ff5fa307b9b4f8f3299bd3043694, type: 3}
      propertyPath: m_Name
      value: ChestSphere
      objectReference: {fileID: 0}
    - target: {fileID: 2040749561155940840, guid: 81a6ff5fa307b9b4f8f3299bd3043694, type: 3}
      propertyPath: m_IsActive
      value: 0
      objectReference: {fileID: 0}
    - target: {fileID: 2040749561155940845, guid: 81a6ff5fa307b9b4f8f3299bd3043694, type: 3}
      propertyPath: m_RootOrder
      value: 2
      objectReference: {fileID: 0}
    - target: {fileID: 2040749561155940845, guid: 81a6ff5fa307b9b4f8f3299bd3043694, type: 3}
      propertyPath: m_LocalScale.x
      value: 100
      objectReference: {fileID: 0}
    - target: {fileID: 2040749561155940845, guid: 81a6ff5fa307b9b4f8f3299bd3043694, type: 3}
      propertyPath: m_LocalScale.y
      value: 100
      objectReference: {fileID: 0}
    - target: {fileID: 2040749561155940845, guid: 81a6ff5fa307b9b4f8f3299bd3043694, type: 3}
      propertyPath: m_LocalScale.z
      value: 100
      objectReference: {fileID: 0}
    - target: {fileID: 2040749561155940845, guid: 81a6ff5fa307b9b4f8f3299bd3043694, type: 3}
      propertyPath: m_LocalPosition.x
      value: 0.1831206
      objectReference: {fileID: 0}
    - target: {fileID: 2040749561155940845, guid: 81a6ff5fa307b9b4f8f3299bd3043694, type: 3}
      propertyPath: m_LocalPosition.y
      value: 0.27179605
      objectReference: {fileID: 0}
    - target: {fileID: 2040749561155940845, guid: 81a6ff5fa307b9b4f8f3299bd3043694, type: 3}
      propertyPath: m_LocalPosition.z
      value: -0.005639078
      objectReference: {fileID: 0}
    - target: {fileID: 2040749561155940845, guid: 81a6ff5fa307b9b4f8f3299bd3043694, type: 3}
      propertyPath: m_LocalRotation.w
      value: 0.7071086
      objectReference: {fileID: 0}
    - target: {fileID: 2040749561155940845, guid: 81a6ff5fa307b9b4f8f3299bd3043694, type: 3}
      propertyPath: m_LocalRotation.x
      value: -0
      objectReference: {fileID: 0}
    - target: {fileID: 2040749561155940845, guid: 81a6ff5fa307b9b4f8f3299bd3043694, type: 3}
      propertyPath: m_LocalRotation.y
      value: 0.70710504
      objectReference: {fileID: 0}
    - target: {fileID: 2040749561155940845, guid: 81a6ff5fa307b9b4f8f3299bd3043694, type: 3}
      propertyPath: m_LocalRotation.z
      value: -0
      objectReference: {fileID: 0}
    - target: {fileID: 2040749561155940845, guid: 81a6ff5fa307b9b4f8f3299bd3043694, type: 3}
      propertyPath: m_LocalEulerAnglesHint.x
      value: 0
      objectReference: {fileID: 0}
    - target: {fileID: 2040749561155940845, guid: 81a6ff5fa307b9b4f8f3299bd3043694, type: 3}
      propertyPath: m_LocalEulerAnglesHint.y
      value: 0
      objectReference: {fileID: 0}
    - target: {fileID: 2040749561155940845, guid: 81a6ff5fa307b9b4f8f3299bd3043694, type: 3}
      propertyPath: m_LocalEulerAnglesHint.z
      value: 0
      objectReference: {fileID: 0}
    m_RemovedComponents: []
  m_SourcePrefab: {fileID: 100100000, guid: 81a6ff5fa307b9b4f8f3299bd3043694, type: 3}
--- !u!4 &761839284002383666 stripped
Transform:
  m_CorrespondingSourceObject: {fileID: 2040749561155940845, guid: 81a6ff5fa307b9b4f8f3299bd3043694, type: 3}
  m_PrefabInstance: {fileID: 1639497331778623199}
  m_PrefabAsset: {fileID: 0}
--- !u!198 &761839284002383669 stripped
ParticleSystem:
  m_CorrespondingSourceObject: {fileID: 2040749561155940842, guid: 81a6ff5fa307b9b4f8f3299bd3043694, type: 3}
  m_PrefabInstance: {fileID: 1639497331778623199}
  m_PrefabAsset: {fileID: 0}
--- !u!1001 &2526960656019531367
PrefabInstance:
  m_ObjectHideFlags: 0
  serializedVersion: 2
  m_Modification:
    m_TransformParent: {fileID: 3693173608183238794}
    m_Modifications:
    - target: {fileID: 6036135849498993257, guid: fd21351dc3b743046a54dc67dcd9ad8a, type: 3}
      propertyPath: m_Name
      value: IDLEChestGlow
      objectReference: {fileID: 0}
    - target: {fileID: 6036135849498993257, guid: fd21351dc3b743046a54dc67dcd9ad8a, type: 3}
      propertyPath: m_IsActive
      value: 1
      objectReference: {fileID: 0}
    - target: {fileID: 6036135849498993260, guid: fd21351dc3b743046a54dc67dcd9ad8a, type: 3}
      propertyPath: m_RootOrder
      value: 0
      objectReference: {fileID: 0}
    - target: {fileID: 6036135849498993260, guid: fd21351dc3b743046a54dc67dcd9ad8a, type: 3}
      propertyPath: m_LocalScale.x
      value: 150
      objectReference: {fileID: 0}
    - target: {fileID: 6036135849498993260, guid: fd21351dc3b743046a54dc67dcd9ad8a, type: 3}
      propertyPath: m_LocalScale.y
      value: 150
      objectReference: {fileID: 0}
    - target: {fileID: 6036135849498993260, guid: fd21351dc3b743046a54dc67dcd9ad8a, type: 3}
      propertyPath: m_LocalScale.z
      value: 150
      objectReference: {fileID: 0}
    - target: {fileID: 6036135849498993260, guid: fd21351dc3b743046a54dc67dcd9ad8a, type: 3}
      propertyPath: m_LocalPosition.x
      value: 0.08232049
      objectReference: {fileID: 0}
    - target: {fileID: 6036135849498993260, guid: fd21351dc3b743046a54dc67dcd9ad8a, type: 3}
      propertyPath: m_LocalPosition.y
      value: 0.08579602
      objectReference: {fileID: 0}
    - target: {fileID: 6036135849498993260, guid: fd21351dc3b743046a54dc67dcd9ad8a, type: 3}
      propertyPath: m_LocalPosition.z
      value: 0.000360489
      objectReference: {fileID: 0}
    - target: {fileID: 6036135849498993260, guid: fd21351dc3b743046a54dc67dcd9ad8a, type: 3}
      propertyPath: m_LocalRotation.w
      value: 1
      objectReference: {fileID: 0}
    - target: {fileID: 6036135849498993260, guid: fd21351dc3b743046a54dc67dcd9ad8a, type: 3}
      propertyPath: m_LocalRotation.x
      value: -0
      objectReference: {fileID: 0}
    - target: {fileID: 6036135849498993260, guid: fd21351dc3b743046a54dc67dcd9ad8a, type: 3}
      propertyPath: m_LocalRotation.y
      value: -0
      objectReference: {fileID: 0}
    - target: {fileID: 6036135849498993260, guid: fd21351dc3b743046a54dc67dcd9ad8a, type: 3}
      propertyPath: m_LocalRotation.z
      value: -0
      objectReference: {fileID: 0}
    - target: {fileID: 6036135849498993260, guid: fd21351dc3b743046a54dc67dcd9ad8a, type: 3}
      propertyPath: m_LocalEulerAnglesHint.x
      value: 0
      objectReference: {fileID: 0}
    - target: {fileID: 6036135849498993260, guid: fd21351dc3b743046a54dc67dcd9ad8a, type: 3}
      propertyPath: m_LocalEulerAnglesHint.y
      value: 0
      objectReference: {fileID: 0}
    - target: {fileID: 6036135849498993260, guid: fd21351dc3b743046a54dc67dcd9ad8a, type: 3}
      propertyPath: m_LocalEulerAnglesHint.z
      value: 0
      objectReference: {fileID: 0}
    m_RemovedComponents: []
  m_SourcePrefab: {fileID: 100100000, guid: fd21351dc3b743046a54dc67dcd9ad8a, type: 3}
--- !u!4 &8130467129671402507 stripped
Transform:
  m_CorrespondingSourceObject: {fileID: 6036135849498993260, guid: fd21351dc3b743046a54dc67dcd9ad8a, type: 3}
  m_PrefabInstance: {fileID: 2526960656019531367}
  m_PrefabAsset: {fileID: 0}
--- !u!198 &8130467129671402508 stripped
ParticleSystem:
  m_CorrespondingSourceObject: {fileID: 6036135849498993259, guid: fd21351dc3b743046a54dc67dcd9ad8a, type: 3}
  m_PrefabInstance: {fileID: 2526960656019531367}
  m_PrefabAsset: {fileID: 0}
--- !u!1001 &3701591656753419198
PrefabInstance:
  m_ObjectHideFlags: 0
  serializedVersion: 2
  m_Modification:
    m_TransformParent: {fileID: 3693173608183238794}
    m_Modifications:
    - target: {fileID: 6036135849498993257, guid: cb44ad1502776304ea0da5fb46b31568, type: 3}
      propertyPath: m_Name
      value: glowChest 1
      objectReference: {fileID: 0}
    - target: {fileID: 6036135849498993257, guid: cb44ad1502776304ea0da5fb46b31568, type: 3}
      propertyPath: m_IsActive
      value: 0
      objectReference: {fileID: 0}
    - target: {fileID: 6036135849498993260, guid: cb44ad1502776304ea0da5fb46b31568, type: 3}
      propertyPath: m_RootOrder
      value: 4
      objectReference: {fileID: 0}
    - target: {fileID: 6036135849498993260, guid: cb44ad1502776304ea0da5fb46b31568, type: 3}
      propertyPath: m_LocalScale.x
      value: 100
      objectReference: {fileID: 0}
    - target: {fileID: 6036135849498993260, guid: cb44ad1502776304ea0da5fb46b31568, type: 3}
      propertyPath: m_LocalScale.y
      value: 100
      objectReference: {fileID: 0}
    - target: {fileID: 6036135849498993260, guid: cb44ad1502776304ea0da5fb46b31568, type: 3}
      propertyPath: m_LocalScale.z
      value: 100
      objectReference: {fileID: 0}
    - target: {fileID: 6036135849498993260, guid: cb44ad1502776304ea0da5fb46b31568, type: 3}
      propertyPath: m_LocalPosition.x
      value: 0.051120542
      objectReference: {fileID: 0}
    - target: {fileID: 6036135849498993260, guid: cb44ad1502776304ea0da5fb46b31568, type: 3}
      propertyPath: m_LocalPosition.y
      value: 0.19139603
      objectReference: {fileID: 0}
    - target: {fileID: 6036135849498993260, guid: cb44ad1502776304ea0da5fb46b31568, type: 3}
      propertyPath: m_LocalPosition.z
      value: -0.005639552
      objectReference: {fileID: 0}
    - target: {fileID: 6036135849498993260, guid: cb44ad1502776304ea0da5fb46b31568, type: 3}
      propertyPath: m_LocalRotation.w
      value: 0.7071086
      objectReference: {fileID: 0}
    - target: {fileID: 6036135849498993260, guid: cb44ad1502776304ea0da5fb46b31568, type: 3}
      propertyPath: m_LocalRotation.x
      value: -0
      objectReference: {fileID: 0}
    - target: {fileID: 6036135849498993260, guid: cb44ad1502776304ea0da5fb46b31568, type: 3}
      propertyPath: m_LocalRotation.y
      value: 0.70710504
      objectReference: {fileID: 0}
    - target: {fileID: 6036135849498993260, guid: cb44ad1502776304ea0da5fb46b31568, type: 3}
      propertyPath: m_LocalRotation.z
      value: -0
      objectReference: {fileID: 0}
    - target: {fileID: 6036135849498993260, guid: cb44ad1502776304ea0da5fb46b31568, type: 3}
      propertyPath: m_LocalEulerAnglesHint.x
      value: 0
      objectReference: {fileID: 0}
    - target: {fileID: 6036135849498993260, guid: cb44ad1502776304ea0da5fb46b31568, type: 3}
      propertyPath: m_LocalEulerAnglesHint.y
      value: 0
      objectReference: {fileID: 0}
    - target: {fileID: 6036135849498993260, guid: cb44ad1502776304ea0da5fb46b31568, type: 3}
      propertyPath: m_LocalEulerAnglesHint.z
      value: 0
      objectReference: {fileID: 0}
    m_RemovedComponents: []
  m_SourcePrefab: {fileID: 100100000, guid: cb44ad1502776304ea0da5fb46b31568, type: 3}
--- !u!4 &6960903030371070418 stripped
Transform:
  m_CorrespondingSourceObject: {fileID: 6036135849498993260, guid: cb44ad1502776304ea0da5fb46b31568, type: 3}
  m_PrefabInstance: {fileID: 3701591656753419198}
  m_PrefabAsset: {fileID: 0}
--- !u!198 &6960903030371070421 stripped
ParticleSystem:
  m_CorrespondingSourceObject: {fileID: 6036135849498993259, guid: cb44ad1502776304ea0da5fb46b31568, type: 3}
  m_PrefabInstance: {fileID: 3701591656753419198}
  m_PrefabAsset: {fileID: 0}
--- !u!1001 &4342471348482882386
PrefabInstance:
  m_ObjectHideFlags: 0
  serializedVersion: 2
  m_Modification:
    m_TransformParent: {fileID: 3693173608183238794}
    m_Modifications:
    - target: {fileID: 4412602863664791582, guid: ab4a95aa25c464c45bf20f8fb55ed3a0, type: 3}
      propertyPath: m_Name
      value: IDLEChestBoom
      objectReference: {fileID: 0}
    - target: {fileID: 4412602863664791582, guid: ab4a95aa25c464c45bf20f8fb55ed3a0, type: 3}
      propertyPath: m_IsActive
      value: 1
      objectReference: {fileID: 0}
    - target: {fileID: 4412602863664791583, guid: ab4a95aa25c464c45bf20f8fb55ed3a0, type: 3}
      propertyPath: m_RootOrder
      value: 1
      objectReference: {fileID: 0}
    - target: {fileID: 4412602863664791583, guid: ab4a95aa25c464c45bf20f8fb55ed3a0, type: 3}
      propertyPath: m_LocalScale.x
      value: 100
      objectReference: {fileID: 0}
    - target: {fileID: 4412602863664791583, guid: ab4a95aa25c464c45bf20f8fb55ed3a0, type: 3}
      propertyPath: m_LocalScale.y
      value: 100
      objectReference: {fileID: 0}
    - target: {fileID: 4412602863664791583, guid: ab4a95aa25c464c45bf20f8fb55ed3a0, type: 3}
      propertyPath: m_LocalScale.z
      value: 100
      objectReference: {fileID: 0}
    - target: {fileID: 4412602863664791583, guid: ab4a95aa25c464c45bf20f8fb55ed3a0, type: 3}
      propertyPath: m_LocalPosition.x
      value: 0.22212061
      objectReference: {fileID: 0}
    - target: {fileID: 4412602863664791583, guid: ab4a95aa25c464c45bf20f8fb55ed3a0, type: 3}
      propertyPath: m_LocalPosition.y
      value: 0.09239602
      objectReference: {fileID: 0}
    - target: {fileID: 4412602863664791583, guid: ab4a95aa25c464c45bf20f8fb55ed3a0, type: 3}
      propertyPath: m_LocalPosition.z
      value: 0.0039610695
      objectReference: {fileID: 0}
    - target: {fileID: 4412602863664791583, guid: ab4a95aa25c464c45bf20f8fb55ed3a0, type: 3}
      propertyPath: m_LocalRotation.w
      value: 0.91228783
      objectReference: {fileID: 0}
    - target: {fileID: 4412602863664791583, guid: ab4a95aa25c464c45bf20f8fb55ed3a0, type: 3}
      propertyPath: m_LocalRotation.x
      value: -0.012000886
      objectReference: {fileID: 0}
    - target: {fileID: 4412602863664791583, guid: ab4a95aa25c464c45bf20f8fb55ed3a0, type: 3}
      propertyPath: m_LocalRotation.y
      value: -0.026802355
      objectReference: {fileID: 0}
    - target: {fileID: 4412602863664791583, guid: ab4a95aa25c464c45bf20f8fb55ed3a0, type: 3}
      propertyPath: m_LocalRotation.z
      value: 0.40849537
      objectReference: {fileID: 0}
    - target: {fileID: 4412602863664791583, guid: ab4a95aa25c464c45bf20f8fb55ed3a0, type: 3}
      propertyPath: m_LocalEulerAnglesHint.x
      value: 0
      objectReference: {fileID: 0}
    - target: {fileID: 4412602863664791583, guid: ab4a95aa25c464c45bf20f8fb55ed3a0, type: 3}
      propertyPath: m_LocalEulerAnglesHint.y
      value: -93.365
      objectReference: {fileID: 0}
    - target: {fileID: 4412602863664791583, guid: ab4a95aa25c464c45bf20f8fb55ed3a0, type: 3}
      propertyPath: m_LocalEulerAnglesHint.z
      value: 48.243
      objectReference: {fileID: 0}
    m_RemovedComponents: []
  m_SourcePrefab: {fileID: 100100000, guid: ab4a95aa25c464c45bf20f8fb55ed3a0, type: 3}
--- !u!4 &107866780558342989 stripped
Transform:
  m_CorrespondingSourceObject: {fileID: 4412602863664791583, guid: ab4a95aa25c464c45bf20f8fb55ed3a0, type: 3}
  m_PrefabInstance: {fileID: 4342471348482882386}
  m_PrefabAsset: {fileID: 0}
--- !u!198 &107866780558343027 stripped
ParticleSystem:
  m_CorrespondingSourceObject: {fileID: 4412602863664791585, guid: ab4a95aa25c464c45bf20f8fb55ed3a0, type: 3}
  m_PrefabInstance: {fileID: 4342471348482882386}
  m_PrefabAsset: {fileID: 0}
--- !u!1001 &8999315094328807192
PrefabInstance:
  m_ObjectHideFlags: 0
  serializedVersion: 2
  m_Modification:
    m_TransformParent: {fileID: 3693173608183238794}
    m_Modifications:
    - target: {fileID: 4412602863664791582, guid: e5900f8b46eeb5948899dce9d613679c, type: 3}
      propertyPath: m_Name
      value: ChestBoom
      objectReference: {fileID: 0}
    - target: {fileID: 4412602863664791582, guid: e5900f8b46eeb5948899dce9d613679c, type: 3}
      propertyPath: m_IsActive
      value: 0
      objectReference: {fileID: 0}
    - target: {fileID: 4412602863664791583, guid: e5900f8b46eeb5948899dce9d613679c, type: 3}
      propertyPath: m_RootOrder
      value: 3
      objectReference: {fileID: 0}
    - target: {fileID: 4412602863664791583, guid: e5900f8b46eeb5948899dce9d613679c, type: 3}
      propertyPath: m_LocalScale.x
      value: 100
      objectReference: {fileID: 0}
    - target: {fileID: 4412602863664791583, guid: e5900f8b46eeb5948899dce9d613679c, type: 3}
      propertyPath: m_LocalScale.y
      value: 100
      objectReference: {fileID: 0}
    - target: {fileID: 4412602863664791583, guid: e5900f8b46eeb5948899dce9d613679c, type: 3}
      propertyPath: m_LocalScale.z
      value: 100
      objectReference: {fileID: 0}
    - target: {fileID: 4412602863664791583, guid: e5900f8b46eeb5948899dce9d613679c, type: 3}
      propertyPath: m_LocalPosition.x
      value: 0.051120542
      objectReference: {fileID: 0}
    - target: {fileID: 4412602863664791583, guid: e5900f8b46eeb5948899dce9d613679c, type: 3}
      propertyPath: m_LocalPosition.y
      value: 0.12839603
      objectReference: {fileID: 0}
    - target: {fileID: 4412602863664791583, guid: e5900f8b46eeb5948899dce9d613679c, type: 3}
      propertyPath: m_LocalPosition.z
      value: -0.005639552
      objectReference: {fileID: 0}
    - target: {fileID: 4412602863664791583, guid: e5900f8b46eeb5948899dce9d613679c, type: 3}
      propertyPath: m_LocalRotation.w
      value: 0.50000125
      objectReference: {fileID: 0}
    - target: {fileID: 4412602863664791583, guid: e5900f8b46eeb5948899dce9d613679c, type: 3}
      propertyPath: m_LocalRotation.x
      value: -0.50000125
      objectReference: {fileID: 0}
    - target: {fileID: 4412602863664791583, guid: e5900f8b46eeb5948899dce9d613679c, type: 3}
      propertyPath: m_LocalRotation.y
      value: 0.49999875
      objectReference: {fileID: 0}
    - target: {fileID: 4412602863664791583, guid: e5900f8b46eeb5948899dce9d613679c, type: 3}
      propertyPath: m_LocalRotation.z
      value: 0.49999875
      objectReference: {fileID: 0}
    - target: {fileID: 4412602863664791583, guid: e5900f8b46eeb5948899dce9d613679c, type: 3}
      propertyPath: m_LocalEulerAnglesHint.x
      value: -90
      objectReference: {fileID: 0}
    - target: {fileID: 4412602863664791583, guid: e5900f8b46eeb5948899dce9d613679c, type: 3}
      propertyPath: m_LocalEulerAnglesHint.y
      value: 0
      objectReference: {fileID: 0}
    - target: {fileID: 4412602863664791583, guid: e5900f8b46eeb5948899dce9d613679c, type: 3}
      propertyPath: m_LocalEulerAnglesHint.z
      value: 0
      objectReference: {fileID: 0}
    m_RemovedComponents: []
  m_SourcePrefab: {fileID: 100100000, guid: e5900f8b46eeb5948899dce9d613679c, type: 3}
--- !u!4 &4746595584941166343 stripped
Transform:
  m_CorrespondingSourceObject: {fileID: 4412602863664791583, guid: e5900f8b46eeb5948899dce9d613679c, type: 3}
  m_PrefabInstance: {fileID: 8999315094328807192}
  m_PrefabAsset: {fileID: 0}
--- !u!198 &4746595584941166393 stripped
ParticleSystem:
  m_CorrespondingSourceObject: {fileID: 4412602863664791585, guid: e5900f8b46eeb5948899dce9d613679c, type: 3}
  m_PrefabInstance: {fileID: 8999315094328807192}
  m_PrefabAsset: {fileID: 0}
