%YAML 1.1
%TAG !u! tag:unity3d.com,2011:
--- !u!1 &7807107385342885085
GameObject:
  m_ObjectHideFlags: 0
  m_CorrespondingSourceObject: {fileID: 0}
  m_PrefabInstance: {fileID: 0}
  m_PrefabAsset: {fileID: 0}
  serializedVersion: 6
  m_Component:
  - component: {fileID: 7427485136238716519}
  - component: {fileID: -2184604556032868836}
  - component: {fileID: 1012003361241868997}
  - component: {fileID: 1540116270317520319}
  m_Layer: 0
  m_Name: block2x2
  m_TagString: Untagged
  m_Icon: {fileID: 0}
  m_NavMeshLayer: 0
  m_StaticEditorFlags: 0
  m_IsActive: 1
--- !u!4 &7427485136238716519
Transform:
  m_ObjectHideFlags: 0
  m_CorrespondingSourceObject: {fileID: 0}
  m_PrefabInstance: {fileID: 0}
  m_PrefabAsset: {fileID: 0}
  m_GameObject: {fileID: 7807107385342885085}
  m_LocalRotation: {x: 0, y: -0, z: -0, w: 1}
  m_LocalPosition: {x: 2, y: 0, z: 11}
  m_LocalScale: {x: 1, y: 1, z: 1}
  m_ConstrainProportionsScale: 0
  m_Children:
  - {fileID: 2738436127253005937}
  m_Father: {fileID: 0}
  m_RootOrder: 0
  m_LocalEulerAnglesHint: {x: 0, y: 0, z: 0}
--- !u!114 &-2184604556032868836
MonoBehaviour:
  m_ObjectHideFlags: 0
  m_CorrespondingSourceObject: {fileID: 0}
  m_PrefabInstance: {fileID: 0}
  m_PrefabAsset: {fileID: 0}
  m_GameObject: {fileID: 7807107385342885085}
  m_Enabled: 1
  m_EditorHideFlags: 0
  m_Script: {fileID: 11500000, guid: 39de4349a0f882844b1da2c118c2ed47, type: 3}
  m_Name: 
  m_EditorClassIdentifier: 
--- !u!65 &1012003361241868997
BoxCollider:
  m_ObjectHideFlags: 0
  m_CorrespondingSourceObject: {fileID: 0}
  m_PrefabInstance: {fileID: 0}
  m_PrefabAsset: {fileID: 0}
  m_GameObject: {fileID: 7807107385342885085}
  m_Material: {fileID: 0}
  m_IsTrigger: 0
  m_Enabled: 1
  serializedVersion: 2
  m_Size: {x: 2, y: 0, z: 2}
  m_Center: {x: 0.5, y: 0, z: 0.5}
--- !u!114 &1540116270317520319
MonoBehaviour:
  m_ObjectHideFlags: 0
  m_CorrespondingSourceObject: {fileID: 0}
  m_PrefabInstance: {fileID: 0}
  m_PrefabAsset: {fileID: 0}
  m_GameObject: {fileID: 7807107385342885085}
  m_Enabled: 1
  m_EditorHideFlags: 0
  m_Script: {fileID: 11500000, guid: fce378b1d84544748b9ed24280cdc86b, type: 3}
  m_Name: 
  m_EditorClassIdentifier: 
  _size: {x: 2, y: 2}
  _allowablePosition: []
--- !u!1001 &8646246810129707060
PrefabInstance:
  m_ObjectHideFlags: 0
  serializedVersion: 2
  m_Modification:
    m_TransformParent: {fileID: 7427485136238716519}
    m_Modifications:
    - target: {fileID: 5907951471938352706, guid: 4f0c6eacd5c960b4ba8df729ffe0640c, type: 3}
      propertyPath: m_Name
      value: Rock1
      objectReference: {fileID: 0}
    - target: {fileID: 5907951471938352707, guid: 4f0c6eacd5c960b4ba8df729ffe0640c, type: 3}
      propertyPath: m_Materials.Array.data[0]
      value: 
      objectReference: {fileID: 2100000, guid: fc9605bf26bbd7147924a76dfbf7b4c6, type: 2}
    - target: {fileID: 5907951471938352709, guid: 4f0c6eacd5c960b4ba8df729ffe0640c, type: 3}
      propertyPath: m_RootOrder
      value: 0
      objectReference: {fileID: 0}
    - target: {fileID: 5907951471938352709, guid: 4f0c6eacd5c960b4ba8df729ffe0640c, type: 3}
      propertyPath: m_LocalScale.x
      value: 1.3
      objectReference: {fileID: 0}
    - target: {fileID: 5907951471938352709, guid: 4f0c6eacd5c960b4ba8df729ffe0640c, type: 3}
      propertyPath: m_LocalScale.y
      value: 1.3
      objectReference: {fileID: 0}
    - target: {fileID: 5907951471938352709, guid: 4f0c6eacd5c960b4ba8df729ffe0640c, type: 3}
      propertyPath: m_LocalScale.z
      value: 1.3
      objectReference: {fileID: 0}
    - target: {fileID: 5907951471938352709, guid: 4f0c6eacd5c960b4ba8df729ffe0640c, type: 3}
      propertyPath: m_LocalPosition.x
      value: 0.568
      objectReference: {fileID: 0}
    - target: {fileID: 5907951471938352709, guid: 4f0c6eacd5c960b4ba8df729ffe0640c, type: 3}
      propertyPath: m_LocalPosition.y
      value: 0
      objectReference: {fileID: 0}
    - target: {fileID: 5907951471938352709, guid: 4f0c6eacd5c960b4ba8df729ffe0640c, type: 3}
      propertyPath: m_LocalPosition.z
      value: 0.051
      objectReference: {fileID: 0}
    - target: {fileID: 5907951471938352709, guid: 4f0c6eacd5c960b4ba8df729ffe0640c, type: 3}
      propertyPath: m_LocalRotation.w
      value: 0.37063846
      objectReference: {fileID: 0}
    - target: {fileID: 5907951471938352709, guid: 4f0c6eacd5c960b4ba8df729ffe0640c, type: 3}
      propertyPath: m_LocalRotation.x
      value: 0
      objectReference: {fileID: 0}
    - target: {fileID: 5907951471938352709, guid: 4f0c6eacd5c960b4ba8df729ffe0640c, type: 3}
      propertyPath: m_LocalRotation.y
      value: 0.9287772
      objectReference: {fileID: 0}
    - target: {fileID: 5907951471938352709, guid: 4f0c6eacd5c960b4ba8df729ffe0640c, type: 3}
      propertyPath: m_LocalRotation.z
      value: 0
      objectReference: {fileID: 0}
    - target: {fileID: 5907951471938352709, guid: 4f0c6eacd5c960b4ba8df729ffe0640c, type: 3}
      propertyPath: m_LocalEulerAnglesHint.x
      value: 0
      objectReference: {fileID: 0}
    - target: {fileID: 5907951471938352709, guid: 4f0c6eacd5c960b4ba8df729ffe0640c, type: 3}
      propertyPath: m_LocalEulerAnglesHint.y
      value: 136.49
      objectReference: {fileID: 0}
    - target: {fileID: 5907951471938352709, guid: 4f0c6eacd5c960b4ba8df729ffe0640c, type: 3}
      propertyPath: m_LocalEulerAnglesHint.z
      value: 0
      objectReference: {fileID: 0}
    m_RemovedComponents: []
  m_SourcePrefab: {fileID: 100100000, guid: 4f0c6eacd5c960b4ba8df729ffe0640c, type: 3}
--- !u!4 &2738436127253005937 stripped
Transform:
  m_CorrespondingSourceObject: {fileID: 5907951471938352709, guid: 4f0c6eacd5c960b4ba8df729ffe0640c, type: 3}
  m_PrefabInstance: {fileID: 8646246810129707060}
  m_PrefabAsset: {fileID: 0}
