%YAML 1.1
%TAG !u! tag:unity3d.com,2011:
--- !u!1 &4414886654824298561
GameObject:
  m_ObjectHideFlags: 0
  m_CorrespondingSourceObject: {fileID: 0}
  m_PrefabInstance: {fileID: 0}
  m_PrefabAsset: {fileID: 0}
  serializedVersion: 6
  m_Component:
  - component: {fileID: 7903551983402995882}
  - component: {fileID: 1402275006442848955}
  - component: {fileID: -8100886067539521097}
  - component: {fileID: 6361733862589639647}
  m_Layer: 0
  m_Name: Decoration3x1Left
  m_TagString: Untagged
  m_Icon: {fileID: 0}
  m_NavMeshLayer: 0
  m_StaticEditorFlags: 0
  m_IsActive: 1
--- !u!4 &7903551983402995882
Transform:
  m_ObjectHideFlags: 0
  m_CorrespondingSourceObject: {fileID: 0}
  m_PrefabInstance: {fileID: 0}
  m_PrefabAsset: {fileID: 0}
  m_GameObject: {fileID: 4414886654824298561}
  m_LocalRotation: {x: 0, y: 0, z: 0, w: 1}
  m_LocalPosition: {x: 1, y: 0, z: 4}
  m_LocalScale: {x: 1, y: 1, z: 1}
  m_ConstrainProportionsScale: 0
  m_Children:
  - {fileID: 4139742513410502473}
  - {fileID: 5992827076109177157}
  - {fileID: 4781757715105420958}
  - {fileID: 6042106489459561608}
  - {fileID: 3626154929771617172}
  - {fileID: 7726041704338080787}
  - {fileID: 4321463930885232555}
  - {fileID: 4669311541194651775}
  m_Father: {fileID: 0}
  m_RootOrder: 0
  m_LocalEulerAnglesHint: {x: 0, y: 0, z: 0}
--- !u!114 &1402275006442848955
MonoBehaviour:
  m_ObjectHideFlags: 0
  m_CorrespondingSourceObject: {fileID: 0}
  m_PrefabInstance: {fileID: 0}
  m_PrefabAsset: {fileID: 0}
  m_GameObject: {fileID: 4414886654824298561}
  m_Enabled: 1
  m_EditorHideFlags: 0
  m_Script: {fileID: 11500000, guid: 39de4349a0f882844b1da2c118c2ed47, type: 3}
  m_Name: 
  m_EditorClassIdentifier: 
--- !u!65 &-8100886067539521097
BoxCollider:
  m_ObjectHideFlags: 0
  m_CorrespondingSourceObject: {fileID: 0}
  m_PrefabInstance: {fileID: 0}
  m_PrefabAsset: {fileID: 0}
  m_GameObject: {fileID: 4414886654824298561}
  m_Material: {fileID: 0}
  m_IsTrigger: 0
  m_Enabled: 1
  serializedVersion: 2
  m_Size: {x: 1, y: 0, z: 3}
  m_Center: {x: 0, y: 0, z: 1}
--- !u!114 &6361733862589639647
MonoBehaviour:
  m_ObjectHideFlags: 0
  m_CorrespondingSourceObject: {fileID: 0}
  m_PrefabInstance: {fileID: 0}
  m_PrefabAsset: {fileID: 0}
  m_GameObject: {fileID: 4414886654824298561}
  m_Enabled: 1
  m_EditorHideFlags: 0
  m_Script: {fileID: 11500000, guid: fce378b1d84544748b9ed24280cdc86b, type: 3}
  m_Name: 
  m_EditorClassIdentifier: 
  _size: {x: 1, y: 3}
  _allowablePosition: []
--- !u!1001 &154421293157999309
PrefabInstance:
  m_ObjectHideFlags: 0
  serializedVersion: 2
  m_Modification:
    m_TransformParent: {fileID: 7903551983402995882}
    m_Modifications:
    - target: {fileID: 5907951471938352706, guid: 4f0c6eacd5c960b4ba8df729ffe0640c, type: 3}
      propertyPath: m_Name
      value: Rock1 (1)
      objectReference: {fileID: 0}
    - target: {fileID: 5907951471938352707, guid: 4f0c6eacd5c960b4ba8df729ffe0640c, type: 3}
      propertyPath: m_Materials.Array.data[0]
      value: 
      objectReference: {fileID: 2100000, guid: fc9605bf26bbd7147924a76dfbf7b4c6, type: 2}
    - target: {fileID: 5907951471938352709, guid: 4f0c6eacd5c960b4ba8df729ffe0640c, type: 3}
      propertyPath: m_RootOrder
      value: 3
      objectReference: {fileID: 0}
    - target: {fileID: 5907951471938352709, guid: 4f0c6eacd5c960b4ba8df729ffe0640c, type: 3}
      propertyPath: m_LocalScale.x
      value: 0.7499998
      objectReference: {fileID: 0}
    - target: {fileID: 5907951471938352709, guid: 4f0c6eacd5c960b4ba8df729ffe0640c, type: 3}
      propertyPath: m_LocalScale.y
      value: 0.75
      objectReference: {fileID: 0}
    - target: {fileID: 5907951471938352709, guid: 4f0c6eacd5c960b4ba8df729ffe0640c, type: 3}
      propertyPath: m_LocalScale.z
      value: 0.7499998
      objectReference: {fileID: 0}
    - target: {fileID: 5907951471938352709, guid: 4f0c6eacd5c960b4ba8df729ffe0640c, type: 3}
      propertyPath: m_LocalPosition.x
      value: 0.018000007
      objectReference: {fileID: 0}
    - target: {fileID: 5907951471938352709, guid: 4f0c6eacd5c960b4ba8df729ffe0640c, type: 3}
      propertyPath: m_LocalPosition.y
      value: 0
      objectReference: {fileID: 0}
    - target: {fileID: 5907951471938352709, guid: 4f0c6eacd5c960b4ba8df729ffe0640c, type: 3}
      propertyPath: m_LocalPosition.z
      value: 0.47399998
      objectReference: {fileID: 0}
    - target: {fileID: 5907951471938352709, guid: 4f0c6eacd5c960b4ba8df729ffe0640c, type: 3}
      propertyPath: m_LocalRotation.w
      value: 0.5277714
      objectReference: {fileID: 0}
    - target: {fileID: 5907951471938352709, guid: 4f0c6eacd5c960b4ba8df729ffe0640c, type: 3}
      propertyPath: m_LocalRotation.x
      value: -0
      objectReference: {fileID: 0}
    - target: {fileID: 5907951471938352709, guid: 4f0c6eacd5c960b4ba8df729ffe0640c, type: 3}
      propertyPath: m_LocalRotation.y
      value: 0.8493865
      objectReference: {fileID: 0}
    - target: {fileID: 5907951471938352709, guid: 4f0c6eacd5c960b4ba8df729ffe0640c, type: 3}
      propertyPath: m_LocalRotation.z
      value: -0
      objectReference: {fileID: 0}
    - target: {fileID: 5907951471938352709, guid: 4f0c6eacd5c960b4ba8df729ffe0640c, type: 3}
      propertyPath: m_LocalEulerAnglesHint.x
      value: 0
      objectReference: {fileID: 0}
    - target: {fileID: 5907951471938352709, guid: 4f0c6eacd5c960b4ba8df729ffe0640c, type: 3}
      propertyPath: m_LocalEulerAnglesHint.y
      value: 116.29
      objectReference: {fileID: 0}
    - target: {fileID: 5907951471938352709, guid: 4f0c6eacd5c960b4ba8df729ffe0640c, type: 3}
      propertyPath: m_LocalEulerAnglesHint.z
      value: 0
      objectReference: {fileID: 0}
    m_RemovedComponents: []
  m_SourcePrefab: {fileID: 100100000, guid: 4f0c6eacd5c960b4ba8df729ffe0640c, type: 3}
--- !u!4 &6042106489459561608 stripped
Transform:
  m_CorrespondingSourceObject: {fileID: 5907951471938352709, guid: 4f0c6eacd5c960b4ba8df729ffe0640c, type: 3}
  m_PrefabInstance: {fileID: 154421293157999309}
  m_PrefabAsset: {fileID: 0}
--- !u!1001 &1239044688882191930
PrefabInstance:
  m_ObjectHideFlags: 0
  serializedVersion: 2
  m_Modification:
    m_TransformParent: {fileID: 7903551983402995882}
    m_Modifications:
    - target: {fileID: 5907951471938352706, guid: 4f0c6eacd5c960b4ba8df729ffe0640c, type: 3}
      propertyPath: m_Name
      value: Rock1 (5)
      objectReference: {fileID: 0}
    - target: {fileID: 5907951471938352707, guid: 4f0c6eacd5c960b4ba8df729ffe0640c, type: 3}
      propertyPath: m_Materials.Array.data[0]
      value: 
      objectReference: {fileID: 2100000, guid: fc9605bf26bbd7147924a76dfbf7b4c6, type: 2}
    - target: {fileID: 5907951471938352709, guid: 4f0c6eacd5c960b4ba8df729ffe0640c, type: 3}
      propertyPath: m_RootOrder
      value: 7
      objectReference: {fileID: 0}
    - target: {fileID: 5907951471938352709, guid: 4f0c6eacd5c960b4ba8df729ffe0640c, type: 3}
      propertyPath: m_LocalScale.x
      value: 0.5
      objectReference: {fileID: 0}
    - target: {fileID: 5907951471938352709, guid: 4f0c6eacd5c960b4ba8df729ffe0640c, type: 3}
      propertyPath: m_LocalScale.y
      value: 1.2
      objectReference: {fileID: 0}
    - target: {fileID: 5907951471938352709, guid: 4f0c6eacd5c960b4ba8df729ffe0640c, type: 3}
      propertyPath: m_LocalScale.z
      value: 0.5
      objectReference: {fileID: 0}
    - target: {fileID: 5907951471938352709, guid: 4f0c6eacd5c960b4ba8df729ffe0640c, type: 3}
      propertyPath: m_LocalPosition.x
      value: -0.03700006
      objectReference: {fileID: 0}
    - target: {fileID: 5907951471938352709, guid: 4f0c6eacd5c960b4ba8df729ffe0640c, type: 3}
      propertyPath: m_LocalPosition.y
      value: 0
      objectReference: {fileID: 0}
    - target: {fileID: 5907951471938352709, guid: 4f0c6eacd5c960b4ba8df729ffe0640c, type: 3}
      propertyPath: m_LocalPosition.z
      value: -0.51000047
      objectReference: {fileID: 0}
    - target: {fileID: 5907951471938352709, guid: 4f0c6eacd5c960b4ba8df729ffe0640c, type: 3}
      propertyPath: m_LocalRotation.w
      value: -0.0067193797
      objectReference: {fileID: 0}
    - target: {fileID: 5907951471938352709, guid: 4f0c6eacd5c960b4ba8df729ffe0640c, type: 3}
      propertyPath: m_LocalRotation.x
      value: -0
      objectReference: {fileID: 0}
    - target: {fileID: 5907951471938352709, guid: 4f0c6eacd5c960b4ba8df729ffe0640c, type: 3}
      propertyPath: m_LocalRotation.y
      value: 0.99997747
      objectReference: {fileID: 0}
    - target: {fileID: 5907951471938352709, guid: 4f0c6eacd5c960b4ba8df729ffe0640c, type: 3}
      propertyPath: m_LocalRotation.z
      value: -0
      objectReference: {fileID: 0}
    - target: {fileID: 5907951471938352709, guid: 4f0c6eacd5c960b4ba8df729ffe0640c, type: 3}
      propertyPath: m_LocalEulerAnglesHint.x
      value: 0
      objectReference: {fileID: 0}
    - target: {fileID: 5907951471938352709, guid: 4f0c6eacd5c960b4ba8df729ffe0640c, type: 3}
      propertyPath: m_LocalEulerAnglesHint.y
      value: 180.77
      objectReference: {fileID: 0}
    - target: {fileID: 5907951471938352709, guid: 4f0c6eacd5c960b4ba8df729ffe0640c, type: 3}
      propertyPath: m_LocalEulerAnglesHint.z
      value: 0
      objectReference: {fileID: 0}
    m_RemovedComponents: []
  m_SourcePrefab: {fileID: 100100000, guid: 4f0c6eacd5c960b4ba8df729ffe0640c, type: 3}
--- !u!4 &4669311541194651775 stripped
Transform:
  m_CorrespondingSourceObject: {fileID: 5907951471938352709, guid: 4f0c6eacd5c960b4ba8df729ffe0640c, type: 3}
  m_PrefabInstance: {fileID: 1239044688882191930}
  m_PrefabAsset: {fileID: 0}
--- !u!1001 &4234838789107577430
PrefabInstance:
  m_ObjectHideFlags: 0
  serializedVersion: 2
  m_Modification:
    m_TransformParent: {fileID: 7903551983402995882}
    m_Modifications:
    - target: {fileID: 5907951471938352706, guid: 4f0c6eacd5c960b4ba8df729ffe0640c, type: 3}
      propertyPath: m_Name
      value: Rock1 (3)
      objectReference: {fileID: 0}
    - target: {fileID: 5907951471938352706, guid: 4f0c6eacd5c960b4ba8df729ffe0640c, type: 3}
      propertyPath: m_IsActive
      value: 1
      objectReference: {fileID: 0}
    - target: {fileID: 5907951471938352707, guid: 4f0c6eacd5c960b4ba8df729ffe0640c, type: 3}
      propertyPath: m_Materials.Array.data[0]
      value: 
      objectReference: {fileID: 2100000, guid: fc9605bf26bbd7147924a76dfbf7b4c6, type: 2}
    - target: {fileID: 5907951471938352709, guid: 4f0c6eacd5c960b4ba8df729ffe0640c, type: 3}
      propertyPath: m_RootOrder
      value: 5
      objectReference: {fileID: 0}
    - target: {fileID: 5907951471938352709, guid: 4f0c6eacd5c960b4ba8df729ffe0640c, type: 3}
      propertyPath: m_LocalScale.x
      value: 0.49999994
      objectReference: {fileID: 0}
    - target: {fileID: 5907951471938352709, guid: 4f0c6eacd5c960b4ba8df729ffe0640c, type: 3}
      propertyPath: m_LocalScale.y
      value: 0.4
      objectReference: {fileID: 0}
    - target: {fileID: 5907951471938352709, guid: 4f0c6eacd5c960b4ba8df729ffe0640c, type: 3}
      propertyPath: m_LocalScale.z
      value: 0.49999994
      objectReference: {fileID: 0}
    - target: {fileID: 5907951471938352709, guid: 4f0c6eacd5c960b4ba8df729ffe0640c, type: 3}
      propertyPath: m_LocalPosition.x
      value: 0.003000021
      objectReference: {fileID: 0}
    - target: {fileID: 5907951471938352709, guid: 4f0c6eacd5c960b4ba8df729ffe0640c, type: 3}
      propertyPath: m_LocalPosition.y
      value: 0
      objectReference: {fileID: 0}
    - target: {fileID: 5907951471938352709, guid: 4f0c6eacd5c960b4ba8df729ffe0640c, type: 3}
      propertyPath: m_LocalPosition.z
      value: 0.9330001
      objectReference: {fileID: 0}
    - target: {fileID: 5907951471938352709, guid: 4f0c6eacd5c960b4ba8df729ffe0640c, type: 3}
      propertyPath: m_LocalRotation.w
      value: -0.97297776
      objectReference: {fileID: 0}
    - target: {fileID: 5907951471938352709, guid: 4f0c6eacd5c960b4ba8df729ffe0640c, type: 3}
      propertyPath: m_LocalRotation.x
      value: -0
      objectReference: {fileID: 0}
    - target: {fileID: 5907951471938352709, guid: 4f0c6eacd5c960b4ba8df729ffe0640c, type: 3}
      propertyPath: m_LocalRotation.y
      value: -0.23089918
      objectReference: {fileID: 0}
    - target: {fileID: 5907951471938352709, guid: 4f0c6eacd5c960b4ba8df729ffe0640c, type: 3}
      propertyPath: m_LocalRotation.z
      value: -0
      objectReference: {fileID: 0}
    - target: {fileID: 5907951471938352709, guid: 4f0c6eacd5c960b4ba8df729ffe0640c, type: 3}
      propertyPath: m_LocalEulerAnglesHint.x
      value: 0
      objectReference: {fileID: 0}
    - target: {fileID: 5907951471938352709, guid: 4f0c6eacd5c960b4ba8df729ffe0640c, type: 3}
      propertyPath: m_LocalEulerAnglesHint.y
      value: -333.3
      objectReference: {fileID: 0}
    - target: {fileID: 5907951471938352709, guid: 4f0c6eacd5c960b4ba8df729ffe0640c, type: 3}
      propertyPath: m_LocalEulerAnglesHint.z
      value: 0
      objectReference: {fileID: 0}
    m_RemovedComponents: []
  m_SourcePrefab: {fileID: 100100000, guid: 4f0c6eacd5c960b4ba8df729ffe0640c, type: 3}
--- !u!4 &7726041704338080787 stripped
Transform:
  m_CorrespondingSourceObject: {fileID: 5907951471938352709, guid: 4f0c6eacd5c960b4ba8df729ffe0640c, type: 3}
  m_PrefabInstance: {fileID: 4234838789107577430}
  m_PrefabAsset: {fileID: 0}
--- !u!1001 &5380259145077379267
PrefabInstance:
  m_ObjectHideFlags: 0
  serializedVersion: 2
  m_Modification:
    m_TransformParent: {fileID: 7903551983402995882}
    m_Modifications:
    - target: {fileID: 1837549284538892676, guid: 1bf942650a2a4be47b429a353360d2db, type: 3}
      propertyPath: m_Materials.Array.data[0]
      value: 
      objectReference: {fileID: 2100000, guid: 272f6829fd08d004abe411219e0967a0, type: 2}
    - target: {fileID: 1837549284538892677, guid: 1bf942650a2a4be47b429a353360d2db, type: 3}
      propertyPath: m_Name
      value: Stalagmite1
      objectReference: {fileID: 0}
    - target: {fileID: 1837549284538892678, guid: 1bf942650a2a4be47b429a353360d2db, type: 3}
      propertyPath: m_RootOrder
      value: 1
      objectReference: {fileID: 0}
    - target: {fileID: 1837549284538892678, guid: 1bf942650a2a4be47b429a353360d2db, type: 3}
      propertyPath: m_LocalScale.x
      value: 0.69999975
      objectReference: {fileID: 0}
    - target: {fileID: 1837549284538892678, guid: 1bf942650a2a4be47b429a353360d2db, type: 3}
      propertyPath: m_LocalScale.y
      value: 0.7
      objectReference: {fileID: 0}
    - target: {fileID: 1837549284538892678, guid: 1bf942650a2a4be47b429a353360d2db, type: 3}
      propertyPath: m_LocalScale.z
      value: 0.69999975
      objectReference: {fileID: 0}
    - target: {fileID: 1837549284538892678, guid: 1bf942650a2a4be47b429a353360d2db, type: 3}
      propertyPath: m_LocalPosition.x
      value: 0.09099996
      objectReference: {fileID: 0}
    - target: {fileID: 1837549284538892678, guid: 1bf942650a2a4be47b429a353360d2db, type: 3}
      propertyPath: m_LocalPosition.y
      value: 0
      objectReference: {fileID: 0}
    - target: {fileID: 1837549284538892678, guid: 1bf942650a2a4be47b429a353360d2db, type: 3}
      propertyPath: m_LocalPosition.z
      value: 1.1570001
      objectReference: {fileID: 0}
    - target: {fileID: 1837549284538892678, guid: 1bf942650a2a4be47b429a353360d2db, type: 3}
      propertyPath: m_LocalRotation.w
      value: 0.7071068
      objectReference: {fileID: 0}
    - target: {fileID: 1837549284538892678, guid: 1bf942650a2a4be47b429a353360d2db, type: 3}
      propertyPath: m_LocalRotation.x
      value: -0
      objectReference: {fileID: 0}
    - target: {fileID: 1837549284538892678, guid: 1bf942650a2a4be47b429a353360d2db, type: 3}
      propertyPath: m_LocalRotation.y
      value: -0.7071068
      objectReference: {fileID: 0}
    - target: {fileID: 1837549284538892678, guid: 1bf942650a2a4be47b429a353360d2db, type: 3}
      propertyPath: m_LocalRotation.z
      value: -0
      objectReference: {fileID: 0}
    - target: {fileID: 1837549284538892678, guid: 1bf942650a2a4be47b429a353360d2db, type: 3}
      propertyPath: m_LocalEulerAnglesHint.x
      value: 0
      objectReference: {fileID: 0}
    - target: {fileID: 1837549284538892678, guid: 1bf942650a2a4be47b429a353360d2db, type: 3}
      propertyPath: m_LocalEulerAnglesHint.y
      value: -90
      objectReference: {fileID: 0}
    - target: {fileID: 1837549284538892678, guid: 1bf942650a2a4be47b429a353360d2db, type: 3}
      propertyPath: m_LocalEulerAnglesHint.z
      value: 0
      objectReference: {fileID: 0}
    m_RemovedComponents: []
  m_SourcePrefab: {fileID: 100100000, guid: 1bf942650a2a4be47b429a353360d2db, type: 3}
--- !u!4 &5992827076109177157 stripped
Transform:
  m_CorrespondingSourceObject: {fileID: 1837549284538892678, guid: 1bf942650a2a4be47b429a353360d2db, type: 3}
  m_PrefabInstance: {fileID: 5380259145077379267}
  m_PrefabAsset: {fileID: 0}
--- !u!1001 &6619304194692175640
PrefabInstance:
  m_ObjectHideFlags: 0
  serializedVersion: 2
  m_Modification:
    m_TransformParent: {fileID: 7903551983402995882}
    m_Modifications:
    - target: {fileID: 1837549284538892676, guid: 1bf942650a2a4be47b429a353360d2db, type: 3}
      propertyPath: m_Materials.Array.data[0]
      value: 
      objectReference: {fileID: 2100000, guid: 272f6829fd08d004abe411219e0967a0, type: 2}
    - target: {fileID: 1837549284538892677, guid: 1bf942650a2a4be47b429a353360d2db, type: 3}
      propertyPath: m_Name
      value: Stalagmite1 (1)
      objectReference: {fileID: 0}
    - target: {fileID: 1837549284538892678, guid: 1bf942650a2a4be47b429a353360d2db, type: 3}
      propertyPath: m_RootOrder
      value: 2
      objectReference: {fileID: 0}
    - target: {fileID: 1837549284538892678, guid: 1bf942650a2a4be47b429a353360d2db, type: 3}
      propertyPath: m_LocalScale.x
      value: 0.7000001
      objectReference: {fileID: 0}
    - target: {fileID: 1837549284538892678, guid: 1bf942650a2a4be47b429a353360d2db, type: 3}
      propertyPath: m_LocalScale.y
      value: 0.8
      objectReference: {fileID: 0}
    - target: {fileID: 1837549284538892678, guid: 1bf942650a2a4be47b429a353360d2db, type: 3}
      propertyPath: m_LocalScale.z
      value: 0.7000001
      objectReference: {fileID: 0}
    - target: {fileID: 1837549284538892678, guid: 1bf942650a2a4be47b429a353360d2db, type: 3}
      propertyPath: m_LocalPosition.x
      value: 0.016000032
      objectReference: {fileID: 0}
    - target: {fileID: 1837549284538892678, guid: 1bf942650a2a4be47b429a353360d2db, type: 3}
      propertyPath: m_LocalPosition.y
      value: 0
      objectReference: {fileID: 0}
    - target: {fileID: 1837549284538892678, guid: 1bf942650a2a4be47b429a353360d2db, type: 3}
      propertyPath: m_LocalPosition.z
      value: 0.4130001
      objectReference: {fileID: 0}
    - target: {fileID: 1837549284538892678, guid: 1bf942650a2a4be47b429a353360d2db, type: 3}
      propertyPath: m_LocalRotation.w
      value: 0.621011
      objectReference: {fileID: 0}
    - target: {fileID: 1837549284538892678, guid: 1bf942650a2a4be47b429a353360d2db, type: 3}
      propertyPath: m_LocalRotation.x
      value: -0
      objectReference: {fileID: 0}
    - target: {fileID: 1837549284538892678, guid: 1bf942650a2a4be47b429a353360d2db, type: 3}
      propertyPath: m_LocalRotation.y
      value: -0.78380185
      objectReference: {fileID: 0}
    - target: {fileID: 1837549284538892678, guid: 1bf942650a2a4be47b429a353360d2db, type: 3}
      propertyPath: m_LocalRotation.z
      value: -0
      objectReference: {fileID: 0}
    - target: {fileID: 1837549284538892678, guid: 1bf942650a2a4be47b429a353360d2db, type: 3}
      propertyPath: m_LocalEulerAnglesHint.x
      value: 0
      objectReference: {fileID: 0}
    - target: {fileID: 1837549284538892678, guid: 1bf942650a2a4be47b429a353360d2db, type: 3}
      propertyPath: m_LocalEulerAnglesHint.y
      value: -103.22
      objectReference: {fileID: 0}
    - target: {fileID: 1837549284538892678, guid: 1bf942650a2a4be47b429a353360d2db, type: 3}
      propertyPath: m_LocalEulerAnglesHint.z
      value: 0
      objectReference: {fileID: 0}
    m_RemovedComponents: []
  m_SourcePrefab: {fileID: 100100000, guid: 1bf942650a2a4be47b429a353360d2db, type: 3}
--- !u!4 &4781757715105420958 stripped
Transform:
  m_CorrespondingSourceObject: {fileID: 1837549284538892678, guid: 1bf942650a2a4be47b429a353360d2db, type: 3}
  m_PrefabInstance: {fileID: 6619304194692175640}
  m_PrefabAsset: {fileID: 0}
--- !u!1001 &7183226277349830097
PrefabInstance:
  m_ObjectHideFlags: 0
  serializedVersion: 2
  m_Modification:
    m_TransformParent: {fileID: 7903551983402995882}
    m_Modifications:
    - target: {fileID: 5907951471938352706, guid: 4f0c6eacd5c960b4ba8df729ffe0640c, type: 3}
      propertyPath: m_Name
      value: Rock1 (2)
      objectReference: {fileID: 0}
    - target: {fileID: 5907951471938352707, guid: 4f0c6eacd5c960b4ba8df729ffe0640c, type: 3}
      propertyPath: m_Materials.Array.data[0]
      value: 
      objectReference: {fileID: 2100000, guid: fc9605bf26bbd7147924a76dfbf7b4c6, type: 2}
    - target: {fileID: 5907951471938352709, guid: 4f0c6eacd5c960b4ba8df729ffe0640c, type: 3}
      propertyPath: m_RootOrder
      value: 4
      objectReference: {fileID: 0}
    - target: {fileID: 5907951471938352709, guid: 4f0c6eacd5c960b4ba8df729ffe0640c, type: 3}
      propertyPath: m_LocalScale.x
      value: 0.49999997
      objectReference: {fileID: 0}
    - target: {fileID: 5907951471938352709, guid: 4f0c6eacd5c960b4ba8df729ffe0640c, type: 3}
      propertyPath: m_LocalScale.y
      value: 0.6
      objectReference: {fileID: 0}
    - target: {fileID: 5907951471938352709, guid: 4f0c6eacd5c960b4ba8df729ffe0640c, type: 3}
      propertyPath: m_LocalScale.z
      value: 0.49999997
      objectReference: {fileID: 0}
    - target: {fileID: 5907951471938352709, guid: 4f0c6eacd5c960b4ba8df729ffe0640c, type: 3}
      propertyPath: m_LocalPosition.x
      value: -0.04000002
      objectReference: {fileID: 0}
    - target: {fileID: 5907951471938352709, guid: 4f0c6eacd5c960b4ba8df729ffe0640c, type: 3}
      propertyPath: m_LocalPosition.y
      value: 0
      objectReference: {fileID: 0}
    - target: {fileID: 5907951471938352709, guid: 4f0c6eacd5c960b4ba8df729ffe0640c, type: 3}
      propertyPath: m_LocalPosition.z
      value: 0.55200005
      objectReference: {fileID: 0}
    - target: {fileID: 5907951471938352709, guid: 4f0c6eacd5c960b4ba8df729ffe0640c, type: 3}
      propertyPath: m_LocalRotation.w
      value: 0.09671448
      objectReference: {fileID: 0}
    - target: {fileID: 5907951471938352709, guid: 4f0c6eacd5c960b4ba8df729ffe0640c, type: 3}
      propertyPath: m_LocalRotation.x
      value: -0
      objectReference: {fileID: 0}
    - target: {fileID: 5907951471938352709, guid: 4f0c6eacd5c960b4ba8df729ffe0640c, type: 3}
      propertyPath: m_LocalRotation.y
      value: -0.9953122
      objectReference: {fileID: 0}
    - target: {fileID: 5907951471938352709, guid: 4f0c6eacd5c960b4ba8df729ffe0640c, type: 3}
      propertyPath: m_LocalRotation.z
      value: -0
      objectReference: {fileID: 0}
    - target: {fileID: 5907951471938352709, guid: 4f0c6eacd5c960b4ba8df729ffe0640c, type: 3}
      propertyPath: m_LocalEulerAnglesHint.x
      value: 0
      objectReference: {fileID: 0}
    - target: {fileID: 5907951471938352709, guid: 4f0c6eacd5c960b4ba8df729ffe0640c, type: 3}
      propertyPath: m_LocalEulerAnglesHint.y
      value: -168.9
      objectReference: {fileID: 0}
    - target: {fileID: 5907951471938352709, guid: 4f0c6eacd5c960b4ba8df729ffe0640c, type: 3}
      propertyPath: m_LocalEulerAnglesHint.z
      value: 0
      objectReference: {fileID: 0}
    m_RemovedComponents: []
  m_SourcePrefab: {fileID: 100100000, guid: 4f0c6eacd5c960b4ba8df729ffe0640c, type: 3}
--- !u!4 &3626154929771617172 stripped
Transform:
  m_CorrespondingSourceObject: {fileID: 5907951471938352709, guid: 4f0c6eacd5c960b4ba8df729ffe0640c, type: 3}
  m_PrefabInstance: {fileID: 7183226277349830097}
  m_PrefabAsset: {fileID: 0}
--- !u!1001 &7533980590178818316
PrefabInstance:
  m_ObjectHideFlags: 0
  serializedVersion: 2
  m_Modification:
    m_TransformParent: {fileID: 7903551983402995882}
    m_Modifications:
    - target: {fileID: 5907951471938352706, guid: 4f0c6eacd5c960b4ba8df729ffe0640c, type: 3}
      propertyPath: m_Name
      value: Rock1
      objectReference: {fileID: 0}
    - target: {fileID: 5907951471938352707, guid: 4f0c6eacd5c960b4ba8df729ffe0640c, type: 3}
      propertyPath: m_Materials.Array.data[0]
      value: 
      objectReference: {fileID: 2100000, guid: fc9605bf26bbd7147924a76dfbf7b4c6, type: 2}
    - target: {fileID: 5907951471938352709, guid: 4f0c6eacd5c960b4ba8df729ffe0640c, type: 3}
      propertyPath: m_RootOrder
      value: 0
      objectReference: {fileID: 0}
    - target: {fileID: 5907951471938352709, guid: 4f0c6eacd5c960b4ba8df729ffe0640c, type: 3}
      propertyPath: m_LocalScale.x
      value: 0.60000026
      objectReference: {fileID: 0}
    - target: {fileID: 5907951471938352709, guid: 4f0c6eacd5c960b4ba8df729ffe0640c, type: 3}
      propertyPath: m_LocalScale.y
      value: 0.6
      objectReference: {fileID: 0}
    - target: {fileID: 5907951471938352709, guid: 4f0c6eacd5c960b4ba8df729ffe0640c, type: 3}
      propertyPath: m_LocalScale.z
      value: 0.60000026
      objectReference: {fileID: 0}
    - target: {fileID: 5907951471938352709, guid: 4f0c6eacd5c960b4ba8df729ffe0640c, type: 3}
      propertyPath: m_LocalPosition.x
      value: -0.09800005
      objectReference: {fileID: 0}
    - target: {fileID: 5907951471938352709, guid: 4f0c6eacd5c960b4ba8df729ffe0640c, type: 3}
      propertyPath: m_LocalPosition.y
      value: 0
      objectReference: {fileID: 0}
    - target: {fileID: 5907951471938352709, guid: 4f0c6eacd5c960b4ba8df729ffe0640c, type: 3}
      propertyPath: m_LocalPosition.z
      value: 1.6030006
      objectReference: {fileID: 0}
    - target: {fileID: 5907951471938352709, guid: 4f0c6eacd5c960b4ba8df729ffe0640c, type: 3}
      propertyPath: m_LocalRotation.w
      value: 0.97243106
      objectReference: {fileID: 0}
    - target: {fileID: 5907951471938352709, guid: 4f0c6eacd5c960b4ba8df729ffe0640c, type: 3}
      propertyPath: m_LocalRotation.x
      value: -0
      objectReference: {fileID: 0}
    - target: {fileID: 5907951471938352709, guid: 4f0c6eacd5c960b4ba8df729ffe0640c, type: 3}
      propertyPath: m_LocalRotation.y
      value: 0.23319075
      objectReference: {fileID: 0}
    - target: {fileID: 5907951471938352709, guid: 4f0c6eacd5c960b4ba8df729ffe0640c, type: 3}
      propertyPath: m_LocalRotation.z
      value: -0
      objectReference: {fileID: 0}
    - target: {fileID: 5907951471938352709, guid: 4f0c6eacd5c960b4ba8df729ffe0640c, type: 3}
      propertyPath: m_LocalEulerAnglesHint.x
      value: 0
      objectReference: {fileID: 0}
    - target: {fileID: 5907951471938352709, guid: 4f0c6eacd5c960b4ba8df729ffe0640c, type: 3}
      propertyPath: m_LocalEulerAnglesHint.y
      value: 26.97
      objectReference: {fileID: 0}
    - target: {fileID: 5907951471938352709, guid: 4f0c6eacd5c960b4ba8df729ffe0640c, type: 3}
      propertyPath: m_LocalEulerAnglesHint.z
      value: 0
      objectReference: {fileID: 0}
    m_RemovedComponents: []
  m_SourcePrefab: {fileID: 100100000, guid: 4f0c6eacd5c960b4ba8df729ffe0640c, type: 3}
--- !u!4 &4139742513410502473 stripped
Transform:
  m_CorrespondingSourceObject: {fileID: 5907951471938352709, guid: 4f0c6eacd5c960b4ba8df729ffe0640c, type: 3}
  m_PrefabInstance: {fileID: 7533980590178818316}
  m_PrefabAsset: {fileID: 0}
--- !u!1001 &7639703672644067822
PrefabInstance:
  m_ObjectHideFlags: 0
  serializedVersion: 2
  m_Modification:
    m_TransformParent: {fileID: 7903551983402995882}
    m_Modifications:
    - target: {fileID: 5907951471938352706, guid: 4f0c6eacd5c960b4ba8df729ffe0640c, type: 3}
      propertyPath: m_Name
      value: Rock1 (4)
      objectReference: {fileID: 0}
    - target: {fileID: 5907951471938352707, guid: 4f0c6eacd5c960b4ba8df729ffe0640c, type: 3}
      propertyPath: m_Materials.Array.data[0]
      value: 
      objectReference: {fileID: 2100000, guid: fc9605bf26bbd7147924a76dfbf7b4c6, type: 2}
    - target: {fileID: 5907951471938352709, guid: 4f0c6eacd5c960b4ba8df729ffe0640c, type: 3}
      propertyPath: m_RootOrder
      value: 6
      objectReference: {fileID: 0}
    - target: {fileID: 5907951471938352709, guid: 4f0c6eacd5c960b4ba8df729ffe0640c, type: 3}
      propertyPath: m_LocalScale.x
      value: 0.74999994
      objectReference: {fileID: 0}
    - target: {fileID: 5907951471938352709, guid: 4f0c6eacd5c960b4ba8df729ffe0640c, type: 3}
      propertyPath: m_LocalScale.y
      value: 1.74
      objectReference: {fileID: 0}
    - target: {fileID: 5907951471938352709, guid: 4f0c6eacd5c960b4ba8df729ffe0640c, type: 3}
      propertyPath: m_LocalScale.z
      value: 0.74999994
      objectReference: {fileID: 0}
    - target: {fileID: 5907951471938352709, guid: 4f0c6eacd5c960b4ba8df729ffe0640c, type: 3}
      propertyPath: m_LocalPosition.x
      value: -0.06400001
      objectReference: {fileID: 0}
    - target: {fileID: 5907951471938352709, guid: 4f0c6eacd5c960b4ba8df729ffe0640c, type: 3}
      propertyPath: m_LocalPosition.y
      value: 0
      objectReference: {fileID: 0}
    - target: {fileID: 5907951471938352709, guid: 4f0c6eacd5c960b4ba8df729ffe0640c, type: 3}
      propertyPath: m_LocalPosition.z
      value: -0.24399996
      objectReference: {fileID: 0}
    - target: {fileID: 5907951471938352709, guid: 4f0c6eacd5c960b4ba8df729ffe0640c, type: 3}
      propertyPath: m_LocalRotation.w
      value: 0.35184172
      objectReference: {fileID: 0}
    - target: {fileID: 5907951471938352709, guid: 4f0c6eacd5c960b4ba8df729ffe0640c, type: 3}
      propertyPath: m_LocalRotation.x
      value: -0
      objectReference: {fileID: 0}
    - target: {fileID: 5907951471938352709, guid: 4f0c6eacd5c960b4ba8df729ffe0640c, type: 3}
      propertyPath: m_LocalRotation.y
      value: 0.93605953
      objectReference: {fileID: 0}
    - target: {fileID: 5907951471938352709, guid: 4f0c6eacd5c960b4ba8df729ffe0640c, type: 3}
      propertyPath: m_LocalRotation.z
      value: -0
      objectReference: {fileID: 0}
    - target: {fileID: 5907951471938352709, guid: 4f0c6eacd5c960b4ba8df729ffe0640c, type: 3}
      propertyPath: m_LocalEulerAnglesHint.x
      value: 0
      objectReference: {fileID: 0}
    - target: {fileID: 5907951471938352709, guid: 4f0c6eacd5c960b4ba8df729ffe0640c, type: 3}
      propertyPath: m_LocalEulerAnglesHint.y
      value: 138.8
      objectReference: {fileID: 0}
    - target: {fileID: 5907951471938352709, guid: 4f0c6eacd5c960b4ba8df729ffe0640c, type: 3}
      propertyPath: m_LocalEulerAnglesHint.z
      value: 0
      objectReference: {fileID: 0}
    m_RemovedComponents: []
  m_SourcePrefab: {fileID: 100100000, guid: 4f0c6eacd5c960b4ba8df729ffe0640c, type: 3}
--- !u!4 &4321463930885232555 stripped
Transform:
  m_CorrespondingSourceObject: {fileID: 5907951471938352709, guid: 4f0c6eacd5c960b4ba8df729ffe0640c, type: 3}
  m_PrefabInstance: {fileID: 7639703672644067822}
  m_PrefabAsset: {fileID: 0}
