%YAML 1.1
%TAG !u! tag:unity3d.com,2011:
--- !u!1 &2001244035693195818
GameObject:
  m_ObjectHideFlags: 0
  m_CorrespondingSourceObject: {fileID: 0}
  m_PrefabInstance: {fileID: 0}
  m_PrefabAsset: {fileID: 0}
  serializedVersion: 6
  m_Component:
  - component: {fileID: 8899624670734111098}
  m_Layer: 0
  m_Name: 3DModel
  m_TagString: Untagged
  m_Icon: {fileID: 0}
  m_NavMeshLayer: 0
  m_StaticEditorFlags: 0
  m_IsActive: 1
--- !u!4 &8899624670734111098
Transform:
  m_ObjectHideFlags: 0
  m_CorrespondingSourceObject: {fileID: 0}
  m_PrefabInstance: {fileID: 0}
  m_PrefabAsset: {fileID: 0}
  m_GameObject: {fileID: 2001244035693195818}
  m_LocalRotation: {x: 0, y: 0, z: 0, w: 1}
  m_LocalPosition: {x: 0, y: 0, z: 0}
  m_LocalScale: {x: 100, y: 100, z: 100}
  m_ConstrainProportionsScale: 0
  m_Children:
  - {fileID: 3425776246238174090}
  - {fileID: 3945252289686061460}
  - {fileID: 6182829648969343356}
  - {fileID: 5119730990714158009}
  - {fileID: 7825791340209471984}
  m_Father: {fileID: 4229843987311367283}
  m_RootOrder: 0
  m_LocalEulerAnglesHint: {x: 0, y: 0, z: 0}
--- !u!1 &3600834741360938697
GameObject:
  m_ObjectHideFlags: 0
  m_CorrespondingSourceObject: {fileID: 0}
  m_PrefabInstance: {fileID: 0}
  m_PrefabAsset: {fileID: 0}
  serializedVersion: 6
  m_Component:
  - component: {fileID: 4229843987311367283}
  - component: {fileID: 7461791090699038902}
  - component: {fileID: 3076129037071326688}
  - component: {fileID: 6700038416482393893}
  m_Layer: 0
  m_Name: Deco_Filler3x2v1L
  m_TagString: Untagged
  m_Icon: {fileID: 0}
  m_NavMeshLayer: 0
  m_StaticEditorFlags: 0
  m_IsActive: 1
--- !u!4 &4229843987311367283
Transform:
  m_ObjectHideFlags: 0
  m_CorrespondingSourceObject: {fileID: 0}
  m_PrefabInstance: {fileID: 0}
  m_PrefabAsset: {fileID: 0}
  m_GameObject: {fileID: 3600834741360938697}
  m_LocalRotation: {x: 0, y: -0, z: -0, w: 1}
  m_LocalPosition: {x: 8, y: 0, z: 11}
  m_LocalScale: {x: 1, y: 1, z: 1}
  m_ConstrainProportionsScale: 0
  m_Children:
  - {fileID: 8899624670734111098}
  m_Father: {fileID: 0}
  m_RootOrder: 0
  m_LocalEulerAnglesHint: {x: 0, y: 0, z: 0}
--- !u!114 &7461791090699038902
MonoBehaviour:
  m_ObjectHideFlags: 0
  m_CorrespondingSourceObject: {fileID: 0}
  m_PrefabInstance: {fileID: 0}
  m_PrefabAsset: {fileID: 0}
  m_GameObject: {fileID: 3600834741360938697}
  m_Enabled: 1
  m_EditorHideFlags: 0
  m_Script: {fileID: 11500000, guid: 39de4349a0f882844b1da2c118c2ed47, type: 3}
  m_Name: 
  m_EditorClassIdentifier: 
--- !u!65 &3076129037071326688
BoxCollider:
  m_ObjectHideFlags: 0
  m_CorrespondingSourceObject: {fileID: 0}
  m_PrefabInstance: {fileID: 0}
  m_PrefabAsset: {fileID: 0}
  m_GameObject: {fileID: 3600834741360938697}
  m_Material: {fileID: 0}
  m_IsTrigger: 0
  m_Enabled: 1
  serializedVersion: 2
  m_Size: {x: 3, y: 0, z: 2}
  m_Center: {x: 0, y: 0, z: 0.5}
--- !u!114 &6700038416482393893
MonoBehaviour:
  m_ObjectHideFlags: 0
  m_CorrespondingSourceObject: {fileID: 0}
  m_PrefabInstance: {fileID: 0}
  m_PrefabAsset: {fileID: 0}
  m_GameObject: {fileID: 3600834741360938697}
  m_Enabled: 1
  m_EditorHideFlags: 0
  m_Script: {fileID: 11500000, guid: fce378b1d84544748b9ed24280cdc86b, type: 3}
  m_Name: 
  m_EditorClassIdentifier: 
  _size: {x: 3, y: 2}
  _allowablePosition: []
--- !u!1001 &301899784530401081
PrefabInstance:
  m_ObjectHideFlags: 0
  serializedVersion: 2
  m_Modification:
    m_TransformParent: {fileID: 8899624670734111098}
    m_Modifications:
    - target: {fileID: 5907951471938352706, guid: 4f0c6eacd5c960b4ba8df729ffe0640c, type: 3}
      propertyPath: m_Name
      value: Rock1 (1)
      objectReference: {fileID: 0}
    - target: {fileID: 5907951471938352706, guid: 4f0c6eacd5c960b4ba8df729ffe0640c, type: 3}
      propertyPath: m_IsActive
      value: 1
      objectReference: {fileID: 0}
    - target: {fileID: 5907951471938352707, guid: 4f0c6eacd5c960b4ba8df729ffe0640c, type: 3}
      propertyPath: m_Materials.Array.data[0]
      value: 
      objectReference: {fileID: 2100000, guid: fc9605bf26bbd7147924a76dfbf7b4c6, type: 2}
    - target: {fileID: 5907951471938352709, guid: 4f0c6eacd5c960b4ba8df729ffe0640c, type: 3}
      propertyPath: m_RootOrder
      value: 2
      objectReference: {fileID: 0}
    - target: {fileID: 5907951471938352709, guid: 4f0c6eacd5c960b4ba8df729ffe0640c, type: 3}
      propertyPath: m_LocalScale.x
      value: 0.010000001
      objectReference: {fileID: 0}
    - target: {fileID: 5907951471938352709, guid: 4f0c6eacd5c960b4ba8df729ffe0640c, type: 3}
      propertyPath: m_LocalScale.y
      value: 0.01
      objectReference: {fileID: 0}
    - target: {fileID: 5907951471938352709, guid: 4f0c6eacd5c960b4ba8df729ffe0640c, type: 3}
      propertyPath: m_LocalScale.z
      value: 0.010000001
      objectReference: {fileID: 0}
    - target: {fileID: 5907951471938352709, guid: 4f0c6eacd5c960b4ba8df729ffe0640c, type: 3}
      propertyPath: m_LocalPosition.x
      value: -0.008000001
      objectReference: {fileID: 0}
    - target: {fileID: 5907951471938352709, guid: 4f0c6eacd5c960b4ba8df729ffe0640c, type: 3}
      propertyPath: m_LocalPosition.y
      value: 0
      objectReference: {fileID: 0}
    - target: {fileID: 5907951471938352709, guid: 4f0c6eacd5c960b4ba8df729ffe0640c, type: 3}
      propertyPath: m_LocalPosition.z
      value: -0.002840004
      objectReference: {fileID: 0}
    - target: {fileID: 5907951471938352709, guid: 4f0c6eacd5c960b4ba8df729ffe0640c, type: 3}
      propertyPath: m_LocalRotation.w
      value: 0.54170823
      objectReference: {fileID: 0}
    - target: {fileID: 5907951471938352709, guid: 4f0c6eacd5c960b4ba8df729ffe0640c, type: 3}
      propertyPath: m_LocalRotation.x
      value: -0
      objectReference: {fileID: 0}
    - target: {fileID: 5907951471938352709, guid: 4f0c6eacd5c960b4ba8df729ffe0640c, type: 3}
      propertyPath: m_LocalRotation.y
      value: 0.8405666
      objectReference: {fileID: 0}
    - target: {fileID: 5907951471938352709, guid: 4f0c6eacd5c960b4ba8df729ffe0640c, type: 3}
      propertyPath: m_LocalRotation.z
      value: -0
      objectReference: {fileID: 0}
    - target: {fileID: 5907951471938352709, guid: 4f0c6eacd5c960b4ba8df729ffe0640c, type: 3}
      propertyPath: m_LocalEulerAnglesHint.x
      value: 0
      objectReference: {fileID: 0}
    - target: {fileID: 5907951471938352709, guid: 4f0c6eacd5c960b4ba8df729ffe0640c, type: 3}
      propertyPath: m_LocalEulerAnglesHint.y
      value: 114.4
      objectReference: {fileID: 0}
    - target: {fileID: 5907951471938352709, guid: 4f0c6eacd5c960b4ba8df729ffe0640c, type: 3}
      propertyPath: m_LocalEulerAnglesHint.z
      value: 0
      objectReference: {fileID: 0}
    m_RemovedComponents: []
  m_SourcePrefab: {fileID: 100100000, guid: 4f0c6eacd5c960b4ba8df729ffe0640c, type: 3}
--- !u!4 &6182829648969343356 stripped
Transform:
  m_CorrespondingSourceObject: {fileID: 5907951471938352709, guid: 4f0c6eacd5c960b4ba8df729ffe0640c, type: 3}
  m_PrefabInstance: {fileID: 301899784530401081}
  m_PrefabAsset: {fileID: 0}
--- !u!1001 &1653299050225782268
PrefabInstance:
  m_ObjectHideFlags: 0
  serializedVersion: 2
  m_Modification:
    m_TransformParent: {fileID: 8899624670734111098}
    m_Modifications:
    - target: {fileID: 5907951471938352706, guid: 4f0c6eacd5c960b4ba8df729ffe0640c, type: 3}
      propertyPath: m_Name
      value: Rock1 (2)
      objectReference: {fileID: 0}
    - target: {fileID: 5907951471938352706, guid: 4f0c6eacd5c960b4ba8df729ffe0640c, type: 3}
      propertyPath: m_IsActive
      value: 1
      objectReference: {fileID: 0}
    - target: {fileID: 5907951471938352707, guid: 4f0c6eacd5c960b4ba8df729ffe0640c, type: 3}
      propertyPath: m_Materials.Array.data[0]
      value: 
      objectReference: {fileID: 2100000, guid: fc9605bf26bbd7147924a76dfbf7b4c6, type: 2}
    - target: {fileID: 5907951471938352709, guid: 4f0c6eacd5c960b4ba8df729ffe0640c, type: 3}
      propertyPath: m_RootOrder
      value: 3
      objectReference: {fileID: 0}
    - target: {fileID: 5907951471938352709, guid: 4f0c6eacd5c960b4ba8df729ffe0640c, type: 3}
      propertyPath: m_LocalScale.x
      value: 0.010000001
      objectReference: {fileID: 0}
    - target: {fileID: 5907951471938352709, guid: 4f0c6eacd5c960b4ba8df729ffe0640c, type: 3}
      propertyPath: m_LocalScale.y
      value: 0.005
      objectReference: {fileID: 0}
    - target: {fileID: 5907951471938352709, guid: 4f0c6eacd5c960b4ba8df729ffe0640c, type: 3}
      propertyPath: m_LocalScale.z
      value: 0.010000001
      objectReference: {fileID: 0}
    - target: {fileID: 5907951471938352709, guid: 4f0c6eacd5c960b4ba8df729ffe0640c, type: 3}
      propertyPath: m_LocalPosition.x
      value: -0.0067000007
      objectReference: {fileID: 0}
    - target: {fileID: 5907951471938352709, guid: 4f0c6eacd5c960b4ba8df729ffe0640c, type: 3}
      propertyPath: m_LocalPosition.y
      value: 0
      objectReference: {fileID: 0}
    - target: {fileID: 5907951471938352709, guid: 4f0c6eacd5c960b4ba8df729ffe0640c, type: 3}
      propertyPath: m_LocalPosition.z
      value: 0.0022999954
      objectReference: {fileID: 0}
    - target: {fileID: 5907951471938352709, guid: 4f0c6eacd5c960b4ba8df729ffe0640c, type: 3}
      propertyPath: m_LocalRotation.w
      value: -0.15212336
      objectReference: {fileID: 0}
    - target: {fileID: 5907951471938352709, guid: 4f0c6eacd5c960b4ba8df729ffe0640c, type: 3}
      propertyPath: m_LocalRotation.x
      value: -0
      objectReference: {fileID: 0}
    - target: {fileID: 5907951471938352709, guid: 4f0c6eacd5c960b4ba8df729ffe0640c, type: 3}
      propertyPath: m_LocalRotation.y
      value: 0.98836154
      objectReference: {fileID: 0}
    - target: {fileID: 5907951471938352709, guid: 4f0c6eacd5c960b4ba8df729ffe0640c, type: 3}
      propertyPath: m_LocalRotation.z
      value: -0
      objectReference: {fileID: 0}
    - target: {fileID: 5907951471938352709, guid: 4f0c6eacd5c960b4ba8df729ffe0640c, type: 3}
      propertyPath: m_LocalEulerAnglesHint.x
      value: 0
      objectReference: {fileID: 0}
    - target: {fileID: 5907951471938352709, guid: 4f0c6eacd5c960b4ba8df729ffe0640c, type: 3}
      propertyPath: m_LocalEulerAnglesHint.y
      value: 197.5
      objectReference: {fileID: 0}
    - target: {fileID: 5907951471938352709, guid: 4f0c6eacd5c960b4ba8df729ffe0640c, type: 3}
      propertyPath: m_LocalEulerAnglesHint.z
      value: 0
      objectReference: {fileID: 0}
    m_RemovedComponents: []
  m_SourcePrefab: {fileID: 100100000, guid: 4f0c6eacd5c960b4ba8df729ffe0640c, type: 3}
--- !u!4 &5119730990714158009 stripped
Transform:
  m_CorrespondingSourceObject: {fileID: 5907951471938352709, guid: 4f0c6eacd5c960b4ba8df729ffe0640c, type: 3}
  m_PrefabInstance: {fileID: 1653299050225782268}
  m_PrefabAsset: {fileID: 0}
--- !u!1001 &3404742601301950482
PrefabInstance:
  m_ObjectHideFlags: 0
  serializedVersion: 2
  m_Modification:
    m_TransformParent: {fileID: 8899624670734111098}
    m_Modifications:
    - target: {fileID: 1837549284538892676, guid: 1bf942650a2a4be47b429a353360d2db, type: 3}
      propertyPath: m_Materials.Array.data[0]
      value: 
      objectReference: {fileID: 2100000, guid: 272f6829fd08d004abe411219e0967a0, type: 2}
    - target: {fileID: 1837549284538892677, guid: 1bf942650a2a4be47b429a353360d2db, type: 3}
      propertyPath: m_Name
      value: Stalagmite1
      objectReference: {fileID: 0}
    - target: {fileID: 1837549284538892678, guid: 1bf942650a2a4be47b429a353360d2db, type: 3}
      propertyPath: m_RootOrder
      value: 1
      objectReference: {fileID: 0}
    - target: {fileID: 1837549284538892678, guid: 1bf942650a2a4be47b429a353360d2db, type: 3}
      propertyPath: m_LocalScale.x
      value: 0.0059999996
      objectReference: {fileID: 0}
    - target: {fileID: 1837549284538892678, guid: 1bf942650a2a4be47b429a353360d2db, type: 3}
      propertyPath: m_LocalScale.y
      value: 0.0069999998
      objectReference: {fileID: 0}
    - target: {fileID: 1837549284538892678, guid: 1bf942650a2a4be47b429a353360d2db, type: 3}
      propertyPath: m_LocalScale.z
      value: 0.0059999996
      objectReference: {fileID: 0}
    - target: {fileID: 1837549284538892678, guid: 1bf942650a2a4be47b429a353360d2db, type: 3}
      propertyPath: m_LocalPosition.x
      value: -0.0011100005
      objectReference: {fileID: 0}
    - target: {fileID: 1837549284538892678, guid: 1bf942650a2a4be47b429a353360d2db, type: 3}
      propertyPath: m_LocalPosition.y
      value: 0
      objectReference: {fileID: 0}
    - target: {fileID: 1837549284538892678, guid: 1bf942650a2a4be47b429a353360d2db, type: 3}
      propertyPath: m_LocalPosition.z
      value: 0.0076700016
      objectReference: {fileID: 0}
    - target: {fileID: 1837549284538892678, guid: 1bf942650a2a4be47b429a353360d2db, type: 3}
      propertyPath: m_LocalRotation.w
      value: 0.8775649
      objectReference: {fileID: 0}
    - target: {fileID: 1837549284538892678, guid: 1bf942650a2a4be47b429a353360d2db, type: 3}
      propertyPath: m_LocalRotation.x
      value: -0
      objectReference: {fileID: 0}
    - target: {fileID: 1837549284538892678, guid: 1bf942650a2a4be47b429a353360d2db, type: 3}
      propertyPath: m_LocalRotation.y
      value: 0.47945786
      objectReference: {fileID: 0}
    - target: {fileID: 1837549284538892678, guid: 1bf942650a2a4be47b429a353360d2db, type: 3}
      propertyPath: m_LocalRotation.z
      value: -0
      objectReference: {fileID: 0}
    - target: {fileID: 1837549284538892678, guid: 1bf942650a2a4be47b429a353360d2db, type: 3}
      propertyPath: m_LocalEulerAnglesHint.x
      value: 0
      objectReference: {fileID: 0}
    - target: {fileID: 1837549284538892678, guid: 1bf942650a2a4be47b429a353360d2db, type: 3}
      propertyPath: m_LocalEulerAnglesHint.y
      value: 57.3
      objectReference: {fileID: 0}
    - target: {fileID: 1837549284538892678, guid: 1bf942650a2a4be47b429a353360d2db, type: 3}
      propertyPath: m_LocalEulerAnglesHint.z
      value: 0
      objectReference: {fileID: 0}
    m_RemovedComponents: []
  m_SourcePrefab: {fileID: 100100000, guid: 1bf942650a2a4be47b429a353360d2db, type: 3}
--- !u!4 &3945252289686061460 stripped
Transform:
  m_CorrespondingSourceObject: {fileID: 1837549284538892678, guid: 1bf942650a2a4be47b429a353360d2db, type: 3}
  m_PrefabInstance: {fileID: 3404742601301950482}
  m_PrefabAsset: {fileID: 0}
--- !u!1001 &5382942576098345983
PrefabInstance:
  m_ObjectHideFlags: 0
  serializedVersion: 2
  m_Modification:
    m_TransformParent: {fileID: 8899624670734111098}
    m_Modifications:
    - target: {fileID: 2751354136026448399, guid: 4b36008eec1ce364dad3b13d41595cbc, type: 3}
      propertyPath: m_RootOrder
      value: 4
      objectReference: {fileID: 0}
    - target: {fileID: 2751354136026448399, guid: 4b36008eec1ce364dad3b13d41595cbc, type: 3}
      propertyPath: m_LocalScale.x
      value: 0.008
      objectReference: {fileID: 0}
    - target: {fileID: 2751354136026448399, guid: 4b36008eec1ce364dad3b13d41595cbc, type: 3}
      propertyPath: m_LocalScale.y
      value: 0.005
      objectReference: {fileID: 0}
    - target: {fileID: 2751354136026448399, guid: 4b36008eec1ce364dad3b13d41595cbc, type: 3}
      propertyPath: m_LocalScale.z
      value: 0.008
      objectReference: {fileID: 0}
    - target: {fileID: 2751354136026448399, guid: 4b36008eec1ce364dad3b13d41595cbc, type: 3}
      propertyPath: m_LocalPosition.x
      value: -0.00849
      objectReference: {fileID: 0}
    - target: {fileID: 2751354136026448399, guid: 4b36008eec1ce364dad3b13d41595cbc, type: 3}
      propertyPath: m_LocalPosition.y
      value: 0
      objectReference: {fileID: 0}
    - target: {fileID: 2751354136026448399, guid: 4b36008eec1ce364dad3b13d41595cbc, type: 3}
      propertyPath: m_LocalPosition.z
      value: -0.0028199959
      objectReference: {fileID: 0}
    - target: {fileID: 2751354136026448399, guid: 4b36008eec1ce364dad3b13d41595cbc, type: 3}
      propertyPath: m_LocalRotation.w
      value: 0.9809552
      objectReference: {fileID: 0}
    - target: {fileID: 2751354136026448399, guid: 4b36008eec1ce364dad3b13d41595cbc, type: 3}
      propertyPath: m_LocalRotation.x
      value: -0
      objectReference: {fileID: 0}
    - target: {fileID: 2751354136026448399, guid: 4b36008eec1ce364dad3b13d41595cbc, type: 3}
      propertyPath: m_LocalRotation.y
      value: -0.1942344
      objectReference: {fileID: 0}
    - target: {fileID: 2751354136026448399, guid: 4b36008eec1ce364dad3b13d41595cbc, type: 3}
      propertyPath: m_LocalRotation.z
      value: -0
      objectReference: {fileID: 0}
    - target: {fileID: 2751354136026448399, guid: 4b36008eec1ce364dad3b13d41595cbc, type: 3}
      propertyPath: m_LocalEulerAnglesHint.x
      value: 0
      objectReference: {fileID: 0}
    - target: {fileID: 2751354136026448399, guid: 4b36008eec1ce364dad3b13d41595cbc, type: 3}
      propertyPath: m_LocalEulerAnglesHint.y
      value: -22.4
      objectReference: {fileID: 0}
    - target: {fileID: 2751354136026448399, guid: 4b36008eec1ce364dad3b13d41595cbc, type: 3}
      propertyPath: m_LocalEulerAnglesHint.z
      value: 0
      objectReference: {fileID: 0}
    - target: {fileID: 2751354136026448432, guid: 4b36008eec1ce364dad3b13d41595cbc, type: 3}
      propertyPath: m_Name
      value: Rock2
      objectReference: {fileID: 0}
    - target: {fileID: 2751354136026448433, guid: 4b36008eec1ce364dad3b13d41595cbc, type: 3}
      propertyPath: m_Materials.Array.data[0]
      value: 
      objectReference: {fileID: 2100000, guid: fc9605bf26bbd7147924a76dfbf7b4c6, type: 2}
    m_RemovedComponents: []
  m_SourcePrefab: {fileID: 100100000, guid: 4b36008eec1ce364dad3b13d41595cbc, type: 3}
--- !u!4 &7825791340209471984 stripped
Transform:
  m_CorrespondingSourceObject: {fileID: 2751354136026448399, guid: 4b36008eec1ce364dad3b13d41595cbc, type: 3}
  m_PrefabInstance: {fileID: 5382942576098345983}
  m_PrefabAsset: {fileID: 0}
--- !u!1001 &9112910527001980367
PrefabInstance:
  m_ObjectHideFlags: 0
  serializedVersion: 2
  m_Modification:
    m_TransformParent: {fileID: 8899624670734111098}
    m_Modifications:
    - target: {fileID: 5907951471938352706, guid: 4f0c6eacd5c960b4ba8df729ffe0640c, type: 3}
      propertyPath: m_Name
      value: Rock1
      objectReference: {fileID: 0}
    - target: {fileID: 5907951471938352706, guid: 4f0c6eacd5c960b4ba8df729ffe0640c, type: 3}
      propertyPath: m_IsActive
      value: 1
      objectReference: {fileID: 0}
    - target: {fileID: 5907951471938352707, guid: 4f0c6eacd5c960b4ba8df729ffe0640c, type: 3}
      propertyPath: m_Materials.Array.data[0]
      value: 
      objectReference: {fileID: 2100000, guid: fc9605bf26bbd7147924a76dfbf7b4c6, type: 2}
    - target: {fileID: 5907951471938352709, guid: 4f0c6eacd5c960b4ba8df729ffe0640c, type: 3}
      propertyPath: m_RootOrder
      value: 0
      objectReference: {fileID: 0}
    - target: {fileID: 5907951471938352709, guid: 4f0c6eacd5c960b4ba8df729ffe0640c, type: 3}
      propertyPath: m_LocalScale.x
      value: 0.014
      objectReference: {fileID: 0}
    - target: {fileID: 5907951471938352709, guid: 4f0c6eacd5c960b4ba8df729ffe0640c, type: 3}
      propertyPath: m_LocalScale.y
      value: 0.0168
      objectReference: {fileID: 0}
    - target: {fileID: 5907951471938352709, guid: 4f0c6eacd5c960b4ba8df729ffe0640c, type: 3}
      propertyPath: m_LocalScale.z
      value: 0.014
      objectReference: {fileID: 0}
    - target: {fileID: 5907951471938352709, guid: 4f0c6eacd5c960b4ba8df729ffe0640c, type: 3}
      propertyPath: m_LocalPosition.x
      value: 0.005699997
      objectReference: {fileID: 0}
    - target: {fileID: 5907951471938352709, guid: 4f0c6eacd5c960b4ba8df729ffe0640c, type: 3}
      propertyPath: m_LocalPosition.y
      value: 0
      objectReference: {fileID: 0}
    - target: {fileID: 5907951471938352709, guid: 4f0c6eacd5c960b4ba8df729ffe0640c, type: 3}
      propertyPath: m_LocalPosition.z
      value: -0.00069999695
      objectReference: {fileID: 0}
    - target: {fileID: 5907951471938352709, guid: 4f0c6eacd5c960b4ba8df729ffe0640c, type: 3}
      propertyPath: m_LocalRotation.w
      value: 0.8800633
      objectReference: {fileID: 0}
    - target: {fileID: 5907951471938352709, guid: 4f0c6eacd5c960b4ba8df729ffe0640c, type: 3}
      propertyPath: m_LocalRotation.x
      value: -0
      objectReference: {fileID: 0}
    - target: {fileID: 5907951471938352709, guid: 4f0c6eacd5c960b4ba8df729ffe0640c, type: 3}
      propertyPath: m_LocalRotation.y
      value: -0.47485644
      objectReference: {fileID: 0}
    - target: {fileID: 5907951471938352709, guid: 4f0c6eacd5c960b4ba8df729ffe0640c, type: 3}
      propertyPath: m_LocalRotation.z
      value: -0
      objectReference: {fileID: 0}
    - target: {fileID: 5907951471938352709, guid: 4f0c6eacd5c960b4ba8df729ffe0640c, type: 3}
      propertyPath: m_LocalEulerAnglesHint.x
      value: 0
      objectReference: {fileID: 0}
    - target: {fileID: 5907951471938352709, guid: 4f0c6eacd5c960b4ba8df729ffe0640c, type: 3}
      propertyPath: m_LocalEulerAnglesHint.y
      value: -56.7
      objectReference: {fileID: 0}
    - target: {fileID: 5907951471938352709, guid: 4f0c6eacd5c960b4ba8df729ffe0640c, type: 3}
      propertyPath: m_LocalEulerAnglesHint.z
      value: 0
      objectReference: {fileID: 0}
    m_RemovedComponents: []
  m_SourcePrefab: {fileID: 100100000, guid: 4f0c6eacd5c960b4ba8df729ffe0640c, type: 3}
--- !u!4 &3425776246238174090 stripped
Transform:
  m_CorrespondingSourceObject: {fileID: 5907951471938352709, guid: 4f0c6eacd5c960b4ba8df729ffe0640c, type: 3}
  m_PrefabInstance: {fileID: 9112910527001980367}
  m_PrefabAsset: {fileID: 0}
