%YAML 1.1
%TAG !u! tag:unity3d.com,2011:
--- !u!1 &1730826847781015170
GameObject:
  m_ObjectHideFlags: 0
  m_CorrespondingSourceObject: {fileID: 0}
  m_PrefabInstance: {fileID: 0}
  m_PrefabAsset: {fileID: 0}
  serializedVersion: 6
  m_Component:
  - component: {fileID: 2125986503860315290}
  - component: {fileID: -1874981821058849141}
  - component: {fileID: -1714854606662253240}
  - component: {fileID: 4192037750777772699}
  m_Layer: 0
  m_Name: Snowman1x1
  m_TagString: Untagged
  m_Icon: {fileID: 0}
  m_NavMeshLayer: 0
  m_StaticEditorFlags: 0
  m_IsActive: 1
--- !u!4 &2125986503860315290
Transform:
  m_ObjectHideFlags: 0
  m_CorrespondingSourceObject: {fileID: 0}
  m_PrefabInstance: {fileID: 0}
  m_PrefabAsset: {fileID: 0}
  m_GameObject: {fileID: 1730826847781015170}
  m_LocalRotation: {x: -0, y: -0, z: -0, w: 1}
  m_LocalPosition: {x: 1, y: 0, z: 1}
  m_LocalScale: {x: 1, y: 1, z: 1}
  m_ConstrainProportionsScale: 0
  m_Children:
  - {fileID: 149572580661318136}
  m_Father: {fileID: 0}
  m_RootOrder: 0
  m_LocalEulerAnglesHint: {x: 0, y: 0, z: 0}
--- !u!114 &-1874981821058849141
MonoBehaviour:
  m_ObjectHideFlags: 0
  m_CorrespondingSourceObject: {fileID: 0}
  m_PrefabInstance: {fileID: 0}
  m_PrefabAsset: {fileID: 0}
  m_GameObject: {fileID: 1730826847781015170}
  m_Enabled: 1
  m_EditorHideFlags: 0
  m_Script: {fileID: 11500000, guid: 39de4349a0f882844b1da2c118c2ed47, type: 3}
  m_Name: 
  m_EditorClassIdentifier: 
--- !u!65 &-1714854606662253240
BoxCollider:
  m_ObjectHideFlags: 0
  m_CorrespondingSourceObject: {fileID: 0}
  m_PrefabInstance: {fileID: 0}
  m_PrefabAsset: {fileID: 0}
  m_GameObject: {fileID: 1730826847781015170}
  m_Material: {fileID: 0}
  m_IsTrigger: 0
  m_Enabled: 1
  serializedVersion: 2
  m_Size: {x: 1, y: 0, z: 1}
  m_Center: {x: 0, y: 0, z: 0}
--- !u!114 &4192037750777772699
MonoBehaviour:
  m_ObjectHideFlags: 0
  m_CorrespondingSourceObject: {fileID: 0}
  m_PrefabInstance: {fileID: 0}
  m_PrefabAsset: {fileID: 0}
  m_GameObject: {fileID: 1730826847781015170}
  m_Enabled: 1
  m_EditorHideFlags: 0
  m_Script: {fileID: 11500000, guid: fce378b1d84544748b9ed24280cdc86b, type: 3}
  m_Name: 
  m_EditorClassIdentifier: 
  _size: {x: 1, y: 1}
  _allowablePosition: []
--- !u!1001 &3389341942496841879
PrefabInstance:
  m_ObjectHideFlags: 0
  serializedVersion: 2
  m_Modification:
    m_TransformParent: {fileID: 2125986503860315290}
    m_Modifications:
    - target: {fileID: 2761251236381449173, guid: 1cfb7ddbb354f5649bf68ba6c7bef7f3, type: 3}
      propertyPath: m_Name
      value: SnowmanUV
      objectReference: {fileID: 0}
    - target: {fileID: 3249980390566232431, guid: 1cfb7ddbb354f5649bf68ba6c7bef7f3, type: 3}
      propertyPath: m_RootOrder
      value: 0
      objectReference: {fileID: 0}
    - target: {fileID: 3249980390566232431, guid: 1cfb7ddbb354f5649bf68ba6c7bef7f3, type: 3}
      propertyPath: m_LocalScale.x
      value: 0.7
      objectReference: {fileID: 0}
    - target: {fileID: 3249980390566232431, guid: 1cfb7ddbb354f5649bf68ba6c7bef7f3, type: 3}
      propertyPath: m_LocalScale.y
      value: 0.7
      objectReference: {fileID: 0}
    - target: {fileID: 3249980390566232431, guid: 1cfb7ddbb354f5649bf68ba6c7bef7f3, type: 3}
      propertyPath: m_LocalScale.z
      value: 0.7
      objectReference: {fileID: 0}
    - target: {fileID: 3249980390566232431, guid: 1cfb7ddbb354f5649bf68ba6c7bef7f3, type: 3}
      propertyPath: m_LocalPosition.x
      value: 0.02
      objectReference: {fileID: 0}
    - target: {fileID: 3249980390566232431, guid: 1cfb7ddbb354f5649bf68ba6c7bef7f3, type: 3}
      propertyPath: m_LocalPosition.y
      value: 0
      objectReference: {fileID: 0}
    - target: {fileID: 3249980390566232431, guid: 1cfb7ddbb354f5649bf68ba6c7bef7f3, type: 3}
      propertyPath: m_LocalPosition.z
      value: -0.51
      objectReference: {fileID: 0}
    - target: {fileID: 3249980390566232431, guid: 1cfb7ddbb354f5649bf68ba6c7bef7f3, type: 3}
      propertyPath: m_LocalRotation.w
      value: 1
      objectReference: {fileID: 0}
    - target: {fileID: 3249980390566232431, guid: 1cfb7ddbb354f5649bf68ba6c7bef7f3, type: 3}
      propertyPath: m_LocalRotation.x
      value: -0
      objectReference: {fileID: 0}
    - target: {fileID: 3249980390566232431, guid: 1cfb7ddbb354f5649bf68ba6c7bef7f3, type: 3}
      propertyPath: m_LocalRotation.y
      value: -0
      objectReference: {fileID: 0}
    - target: {fileID: 3249980390566232431, guid: 1cfb7ddbb354f5649bf68ba6c7bef7f3, type: 3}
      propertyPath: m_LocalRotation.z
      value: -0
      objectReference: {fileID: 0}
    - target: {fileID: 3249980390566232431, guid: 1cfb7ddbb354f5649bf68ba6c7bef7f3, type: 3}
      propertyPath: m_LocalEulerAnglesHint.x
      value: 0
      objectReference: {fileID: 0}
    - target: {fileID: 3249980390566232431, guid: 1cfb7ddbb354f5649bf68ba6c7bef7f3, type: 3}
      propertyPath: m_LocalEulerAnglesHint.y
      value: 0
      objectReference: {fileID: 0}
    - target: {fileID: 3249980390566232431, guid: 1cfb7ddbb354f5649bf68ba6c7bef7f3, type: 3}
      propertyPath: m_LocalEulerAnglesHint.z
      value: 0
      objectReference: {fileID: 0}
    m_RemovedComponents: []
  m_SourcePrefab: {fileID: 100100000, guid: 1cfb7ddbb354f5649bf68ba6c7bef7f3, type: 3}
--- !u!4 &149572580661318136 stripped
Transform:
  m_CorrespondingSourceObject: {fileID: 3249980390566232431, guid: 1cfb7ddbb354f5649bf68ba6c7bef7f3, type: 3}
  m_PrefabInstance: {fileID: 3389341942496841879}
  m_PrefabAsset: {fileID: 0}
