%YAML 1.1
%TAG !u! tag:unity3d.com,2011:
--- !u!1 &5253264748669261647
GameObject:
  m_ObjectHideFlags: 0
  m_CorrespondingSourceObject: {fileID: 0}
  m_PrefabInstance: {fileID: 0}
  m_PrefabAsset: {fileID: 0}
  serializedVersion: 6
  m_Component:
  - component: {fileID: 7937205731436380519}
  - component: {fileID: 8429094719050680077}
  - component: {fileID: -5487602847325944186}
  - component: {fileID: -3844500079176794521}
  m_Layer: 0
  m_Name: WaterfallRight
  m_TagString: Untagged
  m_Icon: {fileID: 0}
  m_NavMeshLayer: 0
  m_StaticEditorFlags: 0
  m_IsActive: 1
--- !u!4 &7937205731436380519
Transform:
  m_ObjectHideFlags: 0
  m_CorrespondingSourceObject: {fileID: 0}
  m_PrefabInstance: {fileID: 0}
  m_PrefabAsset: {fileID: 0}
  m_GameObject: {fileID: 5253264748669261647}
  m_LocalRotation: {x: -0, y: -0, z: -0, w: 1}
  m_LocalPosition: {x: 8, y: 0, z: 8}
  m_LocalScale: {x: 1, y: 1, z: 1}
  m_ConstrainProportionsScale: 0
  m_Children:
  - {fileID: 1462618686275281369}
  - {fileID: 2116196035342629940}
  m_Father: {fileID: 0}
  m_RootOrder: 0
  m_LocalEulerAnglesHint: {x: 0, y: 0, z: 0}
--- !u!114 &8429094719050680077
MonoBehaviour:
  m_ObjectHideFlags: 0
  m_CorrespondingSourceObject: {fileID: 0}
  m_PrefabInstance: {fileID: 0}
  m_PrefabAsset: {fileID: 0}
  m_GameObject: {fileID: 5253264748669261647}
  m_Enabled: 1
  m_EditorHideFlags: 0
  m_Script: {fileID: 11500000, guid: 39de4349a0f882844b1da2c118c2ed47, type: 3}
  m_Name: 
  m_EditorClassIdentifier: 
--- !u!65 &-5487602847325944186
BoxCollider:
  m_ObjectHideFlags: 0
  m_CorrespondingSourceObject: {fileID: 0}
  m_PrefabInstance: {fileID: 0}
  m_PrefabAsset: {fileID: 0}
  m_GameObject: {fileID: 5253264748669261647}
  m_Material: {fileID: 0}
  m_IsTrigger: 0
  m_Enabled: 1
  serializedVersion: 2
  m_Size: {x: 5, y: 0.1, z: 5}
  m_Center: {x: 2, y: 0, z: 1.5}
--- !u!114 &-3844500079176794521
MonoBehaviour:
  m_ObjectHideFlags: 0
  m_CorrespondingSourceObject: {fileID: 0}
  m_PrefabInstance: {fileID: 0}
  m_PrefabAsset: {fileID: 0}
  m_GameObject: {fileID: 5253264748669261647}
  m_Enabled: 1
  m_EditorHideFlags: 0
  m_Script: {fileID: 11500000, guid: fce378b1d84544748b9ed24280cdc86b, type: 3}
  m_Name: 
  m_EditorClassIdentifier: 
  _size: {x: 5, y: 4}
  _allowablePosition: []
--- !u!1001 &2838548733433114548
PrefabInstance:
  m_ObjectHideFlags: 0
  serializedVersion: 2
  m_Modification:
    m_TransformParent: {fileID: 7937205731436380519}
    m_Modifications:
    - target: {fileID: 738143431854489992, guid: b33b4a6d4979da545bd81518402064bf, type: 3}
      propertyPath: m_Materials.Array.data[0]
      value: 
      objectReference: {fileID: 2100000, guid: fc9605bf26bbd7147924a76dfbf7b4c6, type: 2}
    - target: {fileID: 797697148480313996, guid: b33b4a6d4979da545bd81518402064bf, type: 3}
      propertyPath: m_Materials.Array.data[0]
      value: 
      objectReference: {fileID: 2100000, guid: fc9605bf26bbd7147924a76dfbf7b4c6, type: 2}
    - target: {fileID: 1282549479352465313, guid: b33b4a6d4979da545bd81518402064bf, type: 3}
      propertyPath: m_Materials.Array.data[0]
      value: 
      objectReference: {fileID: 2100000, guid: 272f6829fd08d004abe411219e0967a0, type: 2}
    - target: {fileID: 1453179616824211089, guid: b33b4a6d4979da545bd81518402064bf, type: 3}
      propertyPath: m_Materials.Array.data[0]
      value: 
      objectReference: {fileID: 2100000, guid: fc9605bf26bbd7147924a76dfbf7b4c6, type: 2}
    - target: {fileID: 3092485601903203290, guid: b33b4a6d4979da545bd81518402064bf, type: 3}
      propertyPath: m_Materials.Array.data[0]
      value: 
      objectReference: {fileID: 2100000, guid: 272f6829fd08d004abe411219e0967a0, type: 2}
    - target: {fileID: 4150414348566426009, guid: b33b4a6d4979da545bd81518402064bf, type: 3}
      propertyPath: m_Materials.Array.data[0]
      value: 
      objectReference: {fileID: 2100000, guid: fc9605bf26bbd7147924a76dfbf7b4c6, type: 2}
    - target: {fileID: 4195859644205601664, guid: b33b4a6d4979da545bd81518402064bf, type: 3}
      propertyPath: m_RootOrder
      value: 1
      objectReference: {fileID: 0}
    - target: {fileID: 4195859644205601664, guid: b33b4a6d4979da545bd81518402064bf, type: 3}
      propertyPath: m_LocalPosition.x
      value: 1.36
      objectReference: {fileID: 0}
    - target: {fileID: 4195859644205601664, guid: b33b4a6d4979da545bd81518402064bf, type: 3}
      propertyPath: m_LocalPosition.y
      value: 0.309
      objectReference: {fileID: 0}
    - target: {fileID: 4195859644205601664, guid: b33b4a6d4979da545bd81518402064bf, type: 3}
      propertyPath: m_LocalPosition.z
      value: 0.03
      objectReference: {fileID: 0}
    - target: {fileID: 4195859644205601664, guid: b33b4a6d4979da545bd81518402064bf, type: 3}
      propertyPath: m_LocalRotation.w
      value: 0.7071068
      objectReference: {fileID: 0}
    - target: {fileID: 4195859644205601664, guid: b33b4a6d4979da545bd81518402064bf, type: 3}
      propertyPath: m_LocalRotation.x
      value: 0
      objectReference: {fileID: 0}
    - target: {fileID: 4195859644205601664, guid: b33b4a6d4979da545bd81518402064bf, type: 3}
      propertyPath: m_LocalRotation.y
      value: 0.7071068
      objectReference: {fileID: 0}
    - target: {fileID: 4195859644205601664, guid: b33b4a6d4979da545bd81518402064bf, type: 3}
      propertyPath: m_LocalRotation.z
      value: 0
      objectReference: {fileID: 0}
    - target: {fileID: 4195859644205601664, guid: b33b4a6d4979da545bd81518402064bf, type: 3}
      propertyPath: m_LocalEulerAnglesHint.x
      value: 0
      objectReference: {fileID: 0}
    - target: {fileID: 4195859644205601664, guid: b33b4a6d4979da545bd81518402064bf, type: 3}
      propertyPath: m_LocalEulerAnglesHint.y
      value: 90
      objectReference: {fileID: 0}
    - target: {fileID: 4195859644205601664, guid: b33b4a6d4979da545bd81518402064bf, type: 3}
      propertyPath: m_LocalEulerAnglesHint.z
      value: 0
      objectReference: {fileID: 0}
    - target: {fileID: 4195859644205601676, guid: b33b4a6d4979da545bd81518402064bf, type: 3}
      propertyPath: m_Name
      value: Fountain
      objectReference: {fileID: 0}
    - target: {fileID: 4252475774522173871, guid: b33b4a6d4979da545bd81518402064bf, type: 3}
      propertyPath: m_Materials.Array.data[0]
      value: 
      objectReference: {fileID: 2100000, guid: fc9605bf26bbd7147924a76dfbf7b4c6, type: 2}
    - target: {fileID: 5990836329444827020, guid: b33b4a6d4979da545bd81518402064bf, type: 3}
      propertyPath: m_Materials.Array.data[0]
      value: 
      objectReference: {fileID: 2100000, guid: fc9605bf26bbd7147924a76dfbf7b4c6, type: 2}
    - target: {fileID: 8747639984619769506, guid: b33b4a6d4979da545bd81518402064bf, type: 3}
      propertyPath: m_Materials.Array.data[0]
      value: 
      objectReference: {fileID: 2100000, guid: fc9605bf26bbd7147924a76dfbf7b4c6, type: 2}
    - target: {fileID: 9084128334799170000, guid: b33b4a6d4979da545bd81518402064bf, type: 3}
      propertyPath: m_Materials.Array.data[0]
      value: 
      objectReference: {fileID: 2100000, guid: fc9605bf26bbd7147924a76dfbf7b4c6, type: 2}
    m_RemovedComponents: []
  m_SourcePrefab: {fileID: 100100000, guid: b33b4a6d4979da545bd81518402064bf, type: 3}
--- !u!4 &2116196035342629940 stripped
Transform:
  m_CorrespondingSourceObject: {fileID: 4195859644205601664, guid: b33b4a6d4979da545bd81518402064bf, type: 3}
  m_PrefabInstance: {fileID: 2838548733433114548}
  m_PrefabAsset: {fileID: 0}
--- !u!1001 &7553117148824975946
PrefabInstance:
  m_ObjectHideFlags: 0
  serializedVersion: 2
  m_Modification:
    m_TransformParent: {fileID: 7937205731436380519}
    m_Modifications:
    - target: {fileID: 8979707020900227987, guid: 23b63333b265a8547a592ac269c4d1c1, type: 3}
      propertyPath: m_RootOrder
      value: 0
      objectReference: {fileID: 0}
    - target: {fileID: 8979707020900227987, guid: 23b63333b265a8547a592ac269c4d1c1, type: 3}
      propertyPath: m_LocalPosition.x
      value: 0.95944977
      objectReference: {fileID: 0}
    - target: {fileID: 8979707020900227987, guid: 23b63333b265a8547a592ac269c4d1c1, type: 3}
      propertyPath: m_LocalPosition.y
      value: 0.14
      objectReference: {fileID: 0}
    - target: {fileID: 8979707020900227987, guid: 23b63333b265a8547a592ac269c4d1c1, type: 3}
      propertyPath: m_LocalPosition.z
      value: 0.14352989
      objectReference: {fileID: 0}
    - target: {fileID: 8979707020900227987, guid: 23b63333b265a8547a592ac269c4d1c1, type: 3}
      propertyPath: m_LocalRotation.w
      value: 1
      objectReference: {fileID: 0}
    - target: {fileID: 8979707020900227987, guid: 23b63333b265a8547a592ac269c4d1c1, type: 3}
      propertyPath: m_LocalRotation.x
      value: -0
      objectReference: {fileID: 0}
    - target: {fileID: 8979707020900227987, guid: 23b63333b265a8547a592ac269c4d1c1, type: 3}
      propertyPath: m_LocalRotation.y
      value: -0
      objectReference: {fileID: 0}
    - target: {fileID: 8979707020900227987, guid: 23b63333b265a8547a592ac269c4d1c1, type: 3}
      propertyPath: m_LocalRotation.z
      value: -0
      objectReference: {fileID: 0}
    - target: {fileID: 8979707020900227987, guid: 23b63333b265a8547a592ac269c4d1c1, type: 3}
      propertyPath: m_LocalEulerAnglesHint.x
      value: 0
      objectReference: {fileID: 0}
    - target: {fileID: 8979707020900227987, guid: 23b63333b265a8547a592ac269c4d1c1, type: 3}
      propertyPath: m_LocalEulerAnglesHint.y
      value: 0
      objectReference: {fileID: 0}
    - target: {fileID: 8979707020900227987, guid: 23b63333b265a8547a592ac269c4d1c1, type: 3}
      propertyPath: m_LocalEulerAnglesHint.z
      value: 0
      objectReference: {fileID: 0}
    - target: {fileID: 8979707020900228014, guid: 23b63333b265a8547a592ac269c4d1c1, type: 3}
      propertyPath: m_Name
      value: WaveWater
      objectReference: {fileID: 0}
    m_RemovedComponents: []
  m_SourcePrefab: {fileID: 100100000, guid: 23b63333b265a8547a592ac269c4d1c1, type: 3}
--- !u!4 &1462618686275281369 stripped
Transform:
  m_CorrespondingSourceObject: {fileID: 8979707020900227987, guid: 23b63333b265a8547a592ac269c4d1c1, type: 3}
  m_PrefabInstance: {fileID: 7553117148824975946}
  m_PrefabAsset: {fileID: 0}
