%YAML 1.1
%TAG !u! tag:unity3d.com,2011:
--- !u!1 &901994452535457552
GameObject:
  m_ObjectHideFlags: 0
  m_CorrespondingSourceObject: {fileID: 0}
  m_PrefabInstance: {fileID: 0}
  m_PrefabAsset: {fileID: 0}
  serializedVersion: 6
  m_Component:
  - component: {fileID: 6256548305781935157}
  m_Layer: 0
  m_Name: IronChestArmature
  m_TagString: Untagged
  m_Icon: {fileID: 0}
  m_NavMeshLayer: 0
  m_StaticEditorFlags: 0
  m_IsActive: 1
--- !u!4 &6256548305781935157
Transform:
  m_ObjectHideFlags: 0
  m_CorrespondingSourceObject: {fileID: 0}
  m_PrefabInstance: {fileID: 0}
  m_PrefabAsset: {fileID: 0}
  m_GameObject: {fileID: 901994452535457552}
  m_LocalRotation: {x: 6.123233e-17, y: 1, z: 6.123233e-17, w: 0.00000019470718}
  m_LocalPosition: {x: 0, y: 0, z: 0}
  m_LocalScale: {x: 1, y: 1, z: 1}
  m_ConstrainProportionsScale: 0
  m_Children:
  - {fileID: 238186521879712075}
  m_Father: {fileID: 3244434811277091153}
  m_RootOrder: 1
  m_LocalEulerAnglesHint: {x: 0, y: 0, z: 0}
--- !u!1 &2343601437088939363
GameObject:
  m_ObjectHideFlags: 0
  m_CorrespondingSourceObject: {fileID: 0}
  m_PrefabInstance: {fileID: 0}
  m_PrefabAsset: {fileID: 0}
  serializedVersion: 6
  m_Component:
  - component: {fileID: 1066936418593393451}
  m_Layer: 0
  m_Name: DEF-ChestBot
  m_TagString: Untagged
  m_Icon: {fileID: 0}
  m_NavMeshLayer: 0
  m_StaticEditorFlags: 0
  m_IsActive: 1
--- !u!4 &1066936418593393451
Transform:
  m_ObjectHideFlags: 0
  m_CorrespondingSourceObject: {fileID: 0}
  m_PrefabInstance: {fileID: 0}
  m_PrefabAsset: {fileID: 0}
  m_GameObject: {fileID: 2343601437088939363}
  m_LocalRotation: {x: 6.1232336e-17, y: 6.1232336e-17, z: 1, w: -0.00000004371139}
  m_LocalPosition: {x: 0.52035296, y: 0, z: 0.41220677}
  m_LocalScale: {x: 1, y: 1, z: 1}
  m_ConstrainProportionsScale: 0
  m_Children:
  - {fileID: 2630705806083425670}
  m_Father: {fileID: 238186521879712075}
  m_RootOrder: 0
  m_LocalEulerAnglesHint: {x: 0, y: 0, z: 0}
--- !u!1 &2759964306700598251
GameObject:
  m_ObjectHideFlags: 0
  m_CorrespondingSourceObject: {fileID: 0}
  m_PrefabInstance: {fileID: 0}
  m_PrefabAsset: {fileID: 0}
  serializedVersion: 6
  m_Component:
  - component: {fileID: 3244434811277091153}
  - component: {fileID: 8436138737000613904}
  m_Layer: 0
  m_Name: ChestIron
  m_TagString: Untagged
  m_Icon: {fileID: 0}
  m_NavMeshLayer: 0
  m_StaticEditorFlags: 0
  m_IsActive: 1
--- !u!4 &3244434811277091153
Transform:
  m_ObjectHideFlags: 0
  m_CorrespondingSourceObject: {fileID: 0}
  m_PrefabInstance: {fileID: 0}
  m_PrefabAsset: {fileID: 0}
  m_GameObject: {fileID: 2759964306700598251}
  m_LocalRotation: {x: -0, y: 0.70710504, z: -0, w: 0.7071086}
  m_LocalPosition: {x: 2.2154207, y: 0, z: -3.406}
  m_LocalScale: {x: 0.6, y: 0.6, z: 0.6}
  m_ConstrainProportionsScale: 0
  m_Children:
  - {fileID: 1299077313677667207}
  - {fileID: 6256548305781935157}
  - {fileID: 485876345435750116}
  m_Father: {fileID: 0}
  m_RootOrder: 0
  m_LocalEulerAnglesHint: {x: 0, y: 90, z: 0}
--- !u!114 &8436138737000613904
MonoBehaviour:
  m_ObjectHideFlags: 0
  m_CorrespondingSourceObject: {fileID: 0}
  m_PrefabInstance: {fileID: 0}
  m_PrefabAsset: {fileID: 0}
  m_GameObject: {fileID: 2759964306700598251}
  m_Enabled: 1
  m_EditorHideFlags: 0
  m_Script: {fileID: 11500000, guid: 125166c8aaca68f4c99f343f9ffc15f2, type: 3}
  m_Name: 
  m_EditorClassIdentifier: 
  _chestLid: {fileID: 7994808690347159839}
  _chestParticles: {fileID: 793606457980527853}
--- !u!1 &4926085567548801702
GameObject:
  m_ObjectHideFlags: 0
  m_CorrespondingSourceObject: {fileID: 0}
  m_PrefabInstance: {fileID: 0}
  m_PrefabAsset: {fileID: 0}
  serializedVersion: 6
  m_Component:
  - component: {fileID: 238186521879712075}
  m_Layer: 0
  m_Name: Root
  m_TagString: Untagged
  m_Icon: {fileID: 0}
  m_NavMeshLayer: 0
  m_StaticEditorFlags: 0
  m_IsActive: 1
--- !u!4 &238186521879712075
Transform:
  m_ObjectHideFlags: 0
  m_CorrespondingSourceObject: {fileID: 0}
  m_PrefabInstance: {fileID: 0}
  m_PrefabAsset: {fileID: 0}
  m_GameObject: {fileID: 4926085567548801702}
  m_LocalRotation: {x: 0.5, y: 0.49999997, z: 0.5, w: -0.5}
  m_LocalPosition: {x: 0, y: 0, z: 0}
  m_LocalScale: {x: 0.99999994, y: 1, z: 1}
  m_ConstrainProportionsScale: 0
  m_Children:
  - {fileID: 1066936418593393451}
  - {fileID: 7271055202855834535}
  m_Father: {fileID: 6256548305781935157}
  m_RootOrder: 0
  m_LocalEulerAnglesHint: {x: 0, y: 0, z: 0}
--- !u!1 &4961829108755320742
GameObject:
  m_ObjectHideFlags: 0
  m_CorrespondingSourceObject: {fileID: 0}
  m_PrefabInstance: {fileID: 0}
  m_PrefabAsset: {fileID: 0}
  serializedVersion: 6
  m_Component:
  - component: {fileID: 2630705806083425670}
  m_Layer: 0
  m_Name: DEF-ChestBot_end
  m_TagString: Untagged
  m_Icon: {fileID: 0}
  m_NavMeshLayer: 0
  m_StaticEditorFlags: 0
  m_IsActive: 1
--- !u!4 &2630705806083425670
Transform:
  m_ObjectHideFlags: 0
  m_CorrespondingSourceObject: {fileID: 0}
  m_PrefabInstance: {fileID: 0}
  m_PrefabAsset: {fileID: 0}
  m_GameObject: {fileID: 4961829108755320742}
  m_LocalRotation: {x: 0, y: 0, z: 0, w: 1}
  m_LocalPosition: {x: 1.0433481, y: 0, z: 0}
  m_LocalScale: {x: 1, y: 1, z: 1}
  m_ConstrainProportionsScale: 0
  m_Children: []
  m_Father: {fileID: 1066936418593393451}
  m_RootOrder: 0
  m_LocalEulerAnglesHint: {x: 0, y: 0, z: 0}
--- !u!1 &5043466992084235711
GameObject:
  m_ObjectHideFlags: 0
  m_CorrespondingSourceObject: {fileID: 0}
  m_PrefabInstance: {fileID: 0}
  m_PrefabAsset: {fileID: 0}
  serializedVersion: 6
  m_Component:
  - component: {fileID: 216549606374017282}
  m_Layer: 0
  m_Name: DEF-ChestLid_end
  m_TagString: Untagged
  m_Icon: {fileID: 0}
  m_NavMeshLayer: 0
  m_StaticEditorFlags: 0
  m_IsActive: 1
--- !u!4 &216549606374017282
Transform:
  m_ObjectHideFlags: 0
  m_CorrespondingSourceObject: {fileID: 0}
  m_PrefabInstance: {fileID: 0}
  m_PrefabAsset: {fileID: 0}
  m_GameObject: {fileID: 5043466992084235711}
  m_LocalRotation: {x: 0, y: 0, z: 0, w: 1}
  m_LocalPosition: {x: 0.9649077, y: 0, z: 0}
  m_LocalScale: {x: 1, y: 1, z: 1}
  m_ConstrainProportionsScale: 0
  m_Children: []
  m_Father: {fileID: 7271055202855834535}
  m_RootOrder: 0
  m_LocalEulerAnglesHint: {x: 0, y: 0, z: 0}
--- !u!1 &6997118169862203180
GameObject:
  m_ObjectHideFlags: 0
  m_CorrespondingSourceObject: {fileID: 0}
  m_PrefabInstance: {fileID: 0}
  m_PrefabAsset: {fileID: 0}
  serializedVersion: 6
  m_Component:
  - component: {fileID: 1299077313677667207}
  - component: {fileID: 1992415075412712276}
  m_Layer: 0
  m_Name: Chest Iron
  m_TagString: Untagged
  m_Icon: {fileID: 0}
  m_NavMeshLayer: 0
  m_StaticEditorFlags: 0
  m_IsActive: 1
--- !u!4 &1299077313677667207
Transform:
  m_ObjectHideFlags: 0
  m_CorrespondingSourceObject: {fileID: 0}
  m_PrefabInstance: {fileID: 0}
  m_PrefabAsset: {fileID: 0}
  m_GameObject: {fileID: 6997118169862203180}
  m_LocalRotation: {x: 6.123233e-17, y: 1, z: 6.123233e-17, w: 0.00000019470718}
  m_LocalPosition: {x: 0, y: 0, z: 0}
  m_LocalScale: {x: 1, y: 1, z: 1}
  m_ConstrainProportionsScale: 0
  m_Children: []
  m_Father: {fileID: 3244434811277091153}
  m_RootOrder: 0
  m_LocalEulerAnglesHint: {x: 0, y: 0, z: 0}
--- !u!137 &1992415075412712276
SkinnedMeshRenderer:
  m_ObjectHideFlags: 0
  m_CorrespondingSourceObject: {fileID: 0}
  m_PrefabInstance: {fileID: 0}
  m_PrefabAsset: {fileID: 0}
  m_GameObject: {fileID: 6997118169862203180}
  m_Enabled: 1
  m_CastShadows: 1
  m_ReceiveShadows: 1
  m_DynamicOccludee: 1
  m_StaticShadowCaster: 0
  m_MotionVectors: 1
  m_LightProbeUsage: 1
  m_ReflectionProbeUsage: 1
  m_RayTracingMode: 3
  m_RayTraceProcedural: 0
  m_RenderingLayerMask: 1
  m_RendererPriority: 0
  m_Materials:
  - {fileID: 2100000, guid: aca3319c28366ff4f8a8f5092b43fecf, type: 2}
  m_StaticBatchInfo:
    firstSubMesh: 0
    subMeshCount: 0
  m_StaticBatchRoot: {fileID: 0}
  m_ProbeAnchor: {fileID: 0}
  m_LightProbeVolumeOverride: {fileID: 0}
  m_ScaleInLightmap: 1
  m_ReceiveGI: 1
  m_PreserveUVs: 0
  m_IgnoreNormalsForChartDetection: 0
  m_ImportantGI: 0
  m_StitchLightmapSeams: 1
  m_SelectedEditorRenderState: 3
  m_MinimumChartSize: 4
  m_AutoUVMaxDistance: 0.5
  m_AutoUVMaxAngle: 89
  m_LightmapParameters: {fileID: 0}
  m_SortingLayerID: 0
  m_SortingLayer: 0
  m_SortingOrder: 0
  serializedVersion: 2
  m_Quality: 0
  m_UpdateWhenOffscreen: 0
  m_SkinnedMotionVectors: 1
  m_Mesh: {fileID: -5648432421570957421, guid: 267b7fa125c97d648a8a248f3d53bb05, type: 3}
  m_Bones:
  - {fileID: 238186521879712075}
  - {fileID: 1066936418593393451}
  - {fileID: 7271055202855834535}
  m_BlendShapeWeights: []
  m_RootBone: {fileID: 238186521879712075}
  m_AABB:
    m_Center: {x: 0.0012381077, y: 0.00000029802322, z: 0.58053684}
    m_Extent: {x: 0.56482023, y: 0.8349143, z: 0.58053684}
  m_DirtyAABB: 0
--- !u!1 &7994808690347159839
GameObject:
  m_ObjectHideFlags: 0
  m_CorrespondingSourceObject: {fileID: 0}
  m_PrefabInstance: {fileID: 0}
  m_PrefabAsset: {fileID: 0}
  serializedVersion: 6
  m_Component:
  - component: {fileID: 7271055202855834535}
  m_Layer: 0
  m_Name: DEF-ChestLid
  m_TagString: Untagged
  m_Icon: {fileID: 0}
  m_NavMeshLayer: 0
  m_StaticEditorFlags: 0
  m_IsActive: 1
--- !u!4 &7271055202855834535
Transform:
  m_ObjectHideFlags: 0
  m_CorrespondingSourceObject: {fileID: 0}
  m_PrefabInstance: {fileID: 0}
  m_PrefabAsset: {fileID: 0}
  m_GameObject: {fileID: 7994808690347159839}
  m_LocalRotation: {x: 0, y: 0, z: -1, w: 0}
  m_LocalPosition: {x: 0.5203529, y: -0.000000059604645, z: 0.41220844}
  m_LocalScale: {x: 1, y: 1, z: 1}
  m_ConstrainProportionsScale: 0
  m_Children:
  - {fileID: 216549606374017282}
  m_Father: {fileID: 238186521879712075}
  m_RootOrder: 1
  m_LocalEulerAnglesHint: {x: 0, y: 0, z: -180}
--- !u!1001 &3890797964652342894
PrefabInstance:
  m_ObjectHideFlags: 0
  serializedVersion: 2
  m_Modification:
    m_TransformParent: {fileID: 3244434811277091153}
    m_Modifications:
    - target: {fileID: 3693173608183238794, guid: ba5a41803d2628341939c0cd1eae9dff, type: 3}
      propertyPath: m_RootOrder
      value: 2
      objectReference: {fileID: 0}
    - target: {fileID: 3693173608183238794, guid: ba5a41803d2628341939c0cd1eae9dff, type: 3}
      propertyPath: m_LocalPosition.x
      value: -0.009399678
      objectReference: {fileID: 0}
    - target: {fileID: 3693173608183238794, guid: ba5a41803d2628341939c0cd1eae9dff, type: 3}
      propertyPath: m_LocalPosition.y
      value: 0.1770066
      objectReference: {fileID: 0}
    - target: {fileID: 3693173608183238794, guid: ba5a41803d2628341939c0cd1eae9dff, type: 3}
      propertyPath: m_LocalPosition.z
      value: -0.085200824
      objectReference: {fileID: 0}
    - target: {fileID: 3693173608183238794, guid: ba5a41803d2628341939c0cd1eae9dff, type: 3}
      propertyPath: m_LocalRotation.w
      value: 0.7071086
      objectReference: {fileID: 0}
    - target: {fileID: 3693173608183238794, guid: ba5a41803d2628341939c0cd1eae9dff, type: 3}
      propertyPath: m_LocalRotation.x
      value: -0
      objectReference: {fileID: 0}
    - target: {fileID: 3693173608183238794, guid: ba5a41803d2628341939c0cd1eae9dff, type: 3}
      propertyPath: m_LocalRotation.y
      value: -0.70710504
      objectReference: {fileID: 0}
    - target: {fileID: 3693173608183238794, guid: ba5a41803d2628341939c0cd1eae9dff, type: 3}
      propertyPath: m_LocalRotation.z
      value: 0
      objectReference: {fileID: 0}
    - target: {fileID: 3693173608183238794, guid: ba5a41803d2628341939c0cd1eae9dff, type: 3}
      propertyPath: m_LocalEulerAnglesHint.x
      value: 0
      objectReference: {fileID: 0}
    - target: {fileID: 3693173608183238794, guid: ba5a41803d2628341939c0cd1eae9dff, type: 3}
      propertyPath: m_LocalEulerAnglesHint.y
      value: 0
      objectReference: {fileID: 0}
    - target: {fileID: 3693173608183238794, guid: ba5a41803d2628341939c0cd1eae9dff, type: 3}
      propertyPath: m_LocalEulerAnglesHint.z
      value: 0
      objectReference: {fileID: 0}
    - target: {fileID: 5258538333243081076, guid: ba5a41803d2628341939c0cd1eae9dff, type: 3}
      propertyPath: m_Name
      value: Particles
      objectReference: {fileID: 0}
    m_RemovedComponents: []
  m_SourcePrefab: {fileID: 100100000, guid: ba5a41803d2628341939c0cd1eae9dff, type: 3}
--- !u!4 &485876345435750116 stripped
Transform:
  m_CorrespondingSourceObject: {fileID: 3693173608183238794, guid: ba5a41803d2628341939c0cd1eae9dff, type: 3}
  m_PrefabInstance: {fileID: 3890797964652342894}
  m_PrefabAsset: {fileID: 0}
--- !u!114 &793606457980527853 stripped
MonoBehaviour:
  m_CorrespondingSourceObject: {fileID: 4538943411541559939, guid: ba5a41803d2628341939c0cd1eae9dff, type: 3}
  m_PrefabInstance: {fileID: 3890797964652342894}
  m_PrefabAsset: {fileID: 0}
  m_GameObject: {fileID: 0}
  m_Enabled: 1
  m_EditorHideFlags: 0
  m_Script: {fileID: 11500000, guid: f6332005d687f0442a85f99ded8a2483, type: 3}
  m_Name: 
  m_EditorClassIdentifier: 
